3059 4925
307 446 383 522 344
511 540 516 547 Ι
716 468 880 518 excursus
907 470 964 516 vu.

308 632 391 684 omnis
409 631 552 702 dipem
567 630 713 700 posteriore
732 632 798 684 orani
813 640 893 700 perte
912 630 1065 701 languidior
1078 632 1167 702 seme
1182 640 1269 684 emt:
1288 634 1356 686 mm·

308 737 357 790 qne
374 717 506 787 plebeiis
533 719 561 770 in
587 716 728 770 tribunatu
757 718 864 788 aliquid
884 736 982 788 ponere
999 710 1076 786 ὀρεὶ,
1108 719 1133 770 si
1157 707 1256 770 similes
1280 720 1356 774 Icitto

308 804 430 860 tribunos
449 805 574 860 heberet:
594 806 736 860 nomino
754 815 864 858 tentum
881 824 909 857 ee
927 805 1030 857 biennio
1047 803 1184 860 tabuisse.
1220 804 1267 859 Sic
1285 806 1356 858 enim

309 905 381 947 reute
399 905 499 948 veteres
515 893 583 945 Edd.
600 905 627 947 et
647 892 771 948 nonnulli
791 892 879 946 bonae
899 902 978 946 notae
995 891 1074 946 MSS.
1094 892 1215 963 Vuigeti:
1240 895 1355 946 nornine

308 992 416 1033 tontum
433 999 461 1033 se
480 980 584 1033 biennio
600 979 733 1035 debuisse.
770 980 843 1034 Idem
862 980 1032 1046 iib.Vil,29:
1053 982 1181 1049 Germani
1198 983 1286 1052 magis
1303 1001 1356 1033 no-

308 1087 377 1122 rnen
395 1070 432 1120 ed
444 1068 610 1138 praesidium
626 1068 773 1132 sociorum,
792 1086 874 1139 quem
892 1068 963 1120 vim
981 1086 1042 1121 eum
1059 1069 1230 1122 attulissent.
1275 1068 1354 1121 Vides

307 1176 398 1208 nomen
417 1155 519 1227 opponi
536 1155 638 1207 viribus
658 1156 691 1208 in
718 1155 771 1209 hoe
795 1155 869 1212 toeoz
896 1154 925 1207 iu
952 1156 1091 1226 superiore
1118 1174 1181 1208 vero
1205 1175 1267 1208 cum
1292 1154 1354 1208 dicit

308 1243 406 1308 iricius,
435 1243 544 1296 biennio
562 1243 684 1296 tribunos
702 1244 781 1296 fuisse
800 1254 903 1298 tentum
922 1244 1044 1307 nomine,
1067 1254 1097 1296 ut
1115 1242 1257 1298 clarissime
1276 1254 1354 1314 patet,

307 1330 437 1401 sigisifioet
447 1329 520 1384 nuile
532 1349 578 1383 eos
592 1339 720 1402 potestate
730 1343 757 1385 et
764 1332 921 1385 auctoritate
935 1331 1022 1395 fuisse,
1039 1330 1126 1403 quetis
1137 1332 1219 1385 suerit
1230 1331 1258 1383 in
1271 1330 1352 1397 Icilio,

306 1418 351 1470 sed
370 1418 449 1472 inisse
469 1429 571 1471 tentum
590 1418 679 1471 inania
692 1420 811 1478 nomine.
849 1418 946 1472 Cicero
961 1420 994 1470 V.
1011 1419 1044 1471 ad
1062 1424 1117 1474 Au.
1134 1422 1184 1473 15³
1203 1438 1262 1471 eum
1279 1439 1353 1472 eser·

305 1507 390 1557 vitum
408 1516 498 1559 noster
521 1507 624 1559 amicus
641 1506 757 1574 habeat,
786 1515 896 1560 tuntum
922 1525 962 1559 me
981 1523 1099 1559 nomen
1124 1506 1221 1559 baden
1238 1507 1353 1559 duorum

306 1593 437 1662 legionum
453 1593 585 1647 exilium?
621 1594 694 1647 Idem
713 1596 745 1649 de
765 1595 850 1649 (liaris
868 1595 1044 1649 Oratoribus:
1062 1596 1118 1647 Hic
1138 1613 1254 1646 nomon
1271 1596 1352 1647 donn

305 1680 343 1731 ris
365 1680 480 1750 adeptus
506 1690 563 1745 est,
591 1701 642 1733 non
668 1683 800 1737 honorem.
846 1682 956 1738 Tacitus
983 1681 1058 1749 [Hist.
1082 1680 1208 1748 tv‚1s:]
1236 1699 1352 1733 nomen

305 1770 390 1838 magis
408 1767 557 1834 exercitus,
579 1787 659 1840 quam
678 1770 766 1824 robur.
803 1769 877 1824 Idem
896 1770 961 1823 Hist.
976 1770 1021 1834 tV,
1039 1774 1086 1823 75:
1108 1768 1232 1821 Muciani
1248 1777 1277 1819 et
1294 1772 1352 1820 Do-

304 1855 410 1905 mitiani
429 1866 545 1906 renuet
564 1856 619 1907 sine
644 1857 746 1912 viribus
762 1860 911 1913 nomina.
957 1856 1036 1911 ovid.
1054 1854 1175 1923 [Metam.
1194 1856 1253 1921 XV,
1272 1858 1350 1922 43⁰:]

303 1942 378 2012 Quid
393 1944 559 1995 Pandioniae
578 1954 697 2012 restant,
721 1947 774 1998 nisi
792 1966 899 2011 nomen,
925 1944 1074 1999 Athenae?
1114 1944 1220 1998 infinita
1247 1950 1368 2016 possem'

303 2048 448 2100 congerere
467 2031 598 2101 exempla,
616 2031 660 2085 uti
679 2047 772 2084 nemen
787 2029 937 2103 opponitur
955 2031 1006 2085 reis
1045 2027 1278 2084 persuasissimum
1301 2035 1349 2083 ita-

304 2135 355 2187 que
375 2117 459 2169 habeo
479 2117 597 2169 Tuttium
622 2119 769 2190 scripsisse,
793 2120 854 2175 iicet
872 2120 932 2173 libri
952 2131 1050 2173 veteres
1068 2136 1161 2173 ornnes
1185 2130 1351 2191 repugnent:

303 2208 368 2255 Com
381 2205 460 2275 ferro
471 2205 897 2278 pulsistnagistretibussenetns
916 2223 1033 2260 nomen
1050 2206 1079 2258 in
1092 2225 1121 2257 re
1134 2205 1244 2275 publico
1262 2215 1349 2267 erat,

303 2289 354 2344 boc
372 2304 423 2357 est,
442 2302 548 2345 senatus
565 2294 672 2364 quidem
693 2307 764 2362 eret,
782 2297 827 2350 sed
848 2295 937 2349 nniiee
956 2296 1031 2358 vires,
1050 2292 1121 2346 natta
1135 2303 1258 2364 potestas,
1278 2291 1349 2345 nutta

303 2381 452 2438 auctoritas.
489 2380 518 2433 si
536 2382 679 2452 scripsisset
696 2381 801 2450 Cicero,
821 2384 858 2436 uti
878 2383 1003 2437 scribitur
1021 2381 1152 2434 ineditis:
1169 2390 1283 2432 senatus
1300 2399 1350 2431 no-

303 2488 360 2521 men
377 2470 406 2522 in
425 2489 452 2520 re
467 2470 577 2540 publica
596 2491 659 2523 non
678 2484 752 2530 erat,
773 2472 951 2544 significasset,
969 2482 1089 2524 senatum
1108 2466 1187 2540 piane
1206 2466 1285 2520 fuisse
1303 2467 1348 2520 de-

303 2561 383 2610 letum
403 2569 429 2611 et
446 2558 600 2612 exstinctum
620 2572 699 2631 atque
718 2580 732 2614 e
751 2561 840 2614 medio
858 2560 1004 2614 subtatum
1024 2554 1128 2611 nultum
1140 2567 1260 2609 senatum
1271 2556 1349 2609 fuisse

211 2676 214 2684 ·
302 2644 330 2696 in
349 2664 377 2696 re
397 2643 512 2714 publica.
549 2647 640 2701 lustin.
662 2646 696 2714 V,
715 2651 745 2702 6:
777 2646 982 2701 Atheniensium
1002 2644 1118 2698 deletum
1141 2665 1194 2697 non
1211 2645 1349 2713 imperium

302 2743 425 2798 tontum,
443 2732 589 2783 sedetiam
607 2750 698 2785 nomen
716 2734 861 2787 videretur.
907 2734 960 2786 Sed
979 2731 1075 2786 Cicero
1091 2732 1128 2785 ait
1150 2743 1271 2785 senatum
1290 2731 1350 2803 qui·

302 2819 362 2873 dem
382 2818 475 2885 fuisse,
495 2820 540 2873 sed
562 2819 671 2875 nomine
692 2833 813 2888 tantum,
830 2833 859 2875 ut
877 2820 955 2893 vulgo
974 2820 1137 2893 loquuntur,
1155 2818 1211 2871 sine
1230 2820 1270 2886 vi,
1295 2819 1350 2871 sine

301 2905 465 2960 auctoritate.
500 2902 564 2983 ¹Non
582 2911 709 2962 insertum
729 2922 799 2963 esta
821 2908 919 2974 sciolo,
946 2908 991 2981 qui
1012 2928 1067 2960 nou
1086 2906 1262 2978 intelligebat,
1286 2907 1349 2979 quid

301 3005 366 3047 esset
383 3005 494 3046 senatus
513 3013 604 3047 nomen
622 3009 690 3052 erat.
728 2998 757 3051 si
777 2999 836 3071 quis
854 3011 943 3052 tamen
959 2996 1091 3068 vulgatam
1110 2995 1238 3050 tuendam
1264 2996 1350 3048 existi-

300 3092 370 3145 met,
396 3091 421 3134 et
439 3080 598 3135 Ciceronem
616 3084 654 3137 sic
673 3084 791 3138 locutum
811 3106 865 3139 esse
885 3084 1042 3149 contendat,
1068 3095 1097 3138 ut
1124 3094 1264 3154 exaggeret
1280 3095 1348 3137 tem·

300 3167 371 3238 poris
389 3167 459 3221 itlius
475 3168 657 3239 iniquitatem,
677 3171 752 3224 sicuti
773 3172 861 3243 paullo
879 3184 939 3244 post
958 3172 1064 3226 dixerit:
1083 3183 1196 3224 senatus
1208 3173 1349 3234 occiderat,

300 3256 397 3307 civitas
417 3276 468 3308 non
485 3267 560 3322 eret,
590 3260 683 3312 consui
699 3279 752 3312 non
770 3272 845 3328 eret„
863 3281 911 3332 per
937 3280 979 3314 me
1005 3259 1068 3314 licet
1089 3260 1194 3312 fruatur
1220 3260 1348 3313 sententia

299 3347 373 3401 sus.“
393 3342 574 3399 Graevius.

380 3430 534 3495 „Graevius
559 3452 612 3486 non
648 3434 729 3487 deleri
757 3435 873 3489 volebat:
909 3455 971 3489 nem
1004 3452 1104 3489 nomen
1136 3447 1241 3489 senetiss
1265 3436 1293 3488 in
1319 3454 1349 3488 re

300 3519 406 3590 publica
422 3520 514 3586 fuisse,
534 3521 578 3574 sed
598 3540 701 3588 nomen,
720 3542 775 3577 non
796 3542 864 3589 rem,
889 3525 1019 3578 exstitisse.
1055 3525 1156 3577 Verum
1176 3520 1273 3578 Cicero
1291 3542 1347 3576 non

298 3607 364 3660 solet
381 3606 421 3672 id,
450 3608 522 3679 quod
541 3607 670 3667 Graevius
688 3611 805 3678 volebat,
824 3615 862 3668 sic
880 3614 1042 3684 exprimere,
1062 3608 1231 3682 dixissetque,
1251 3622 1279 3664 ut
1297 3631 1347 3682 ego

298 3693 363 3746 otim
381 3696 563 3760 conieceram,
580 3717 672 3755 nomen
690 3701 765 3755 modo
783 3711 858 3758 erat,
882 3711 928 3753 aut
946 3720 1038 3753 nonno
1060 3696 1134 3752 inre
1150 3699 1274 3770 publico,
1295 3720 1347 3753 non

299 3801 355 3844 res,
373 3787 463 3838 erat.“
482 3783 560 3838 Ero.

367 3868 469 3936 „Quod
487 3871 615 3927 insidebat
642 3874 705 3926 oiim
731 3877 859 3929 mendum
887 3876 1012 3930 Ciceroni
1037 3877 1133 3930 Pered.
1150 3877 1196 3942 tV,
1214 3880 1246 3929 1:
1279 3894 1348 3940 curt,

291 3960 370 4025 ferro
385 3956 474 4025 pulsis
492 3960 711 4030 magistratibus,
731 3975 842 4019 senatus
859 3985 952 4018 nomen
969 3966 998 4017 in
1017 3982 1070 4034 rep.
1090 3980 1154 4016 non
1173 3974 1241 4029 erat,
1260 3962 1347 4017 Grae-

298 4043 352 4094 vius
371 4041 486 4109 sustulit,
514 4044 616 4099 sublato
635 4069 700 4112 non,
725 4071 811 4122 eoque
830 4054 926 4106 simet
944 4042 1102 4123 elegentiem
1122 4038 1160 4107 illi
1177 4036 1345 4123 locureddi·

298 4131 361 4184 diit‘
397 4128 575 4185 Ruhnken.
594 4135 629 4189 etl
647 4136 740 4204 Veliej.
759 4139 792 4201 ΙΙ,
811 4144 854 4193 or.

368 4219 457 4283 „Vere
476 4217 610 4273 Ernestus.
648 4221 680 4273 Et
699 4222 762 4276 dicit
777 4225 835 4296 ipse
852 4225 949 4280 Cicero
968 4229 1058 4297 paullo
1079 4242 1149 4300 post:
1170 4240 1281 4282 senatus
1301 4248 1348 4281 oc-
