3059 4925
281 451 352 522 104
599 473 771 520 remnoxr
799 472 991 520 sroreonuu.

277 631 324 696 IV,
344 635 369 694 1,
387 633 418 684 3;
439 631 530 701 Neque
546 631 617 682 enim
635 632 724 700 turpis
742 650 812 685 mors
825 632 899 701 forti
917 633 975 684 viro
990 641 1081 701 potest
1100 631 1226 695 accidere,
1243 649 1328 701 neque

277 720 422 768 imruetura
439 718 588 781 consulari,
606 737 653 770 nee
671 718 768 769 misera
788 719 917 787 sapienti.
952 718 1011 773 ΜΓ.

350 808 425 856 Mors
445 802 572 856 terribilis
589 806 694 868 estiis,
713 824 825 875 quorum
845 806 890 872 -]
916 805 961 869 „ld
981 817 1033 872 est,
1056 807 1103 877 qui
1122 805 1187 858 nihil
1206 824 1325 875 unquam

278 895 306 945 in
326 892 375 945 vita
393 902 542 962 gesserunt,
563 893 636 963 quod
656 892 727 963 apud
748 893 929 962 posteritatem
949 893 1001 945 ulia
1025 894 1103 946 laude
1122 893 1233 963 dignum
1252 901 1325 954 esset,

278 999 395 1052 quorum
414 980 558 1044 memoria,
579 992 607 1035 ut
625 980 677 1034 dici
696 980 778 1045 solet,
799 982 868 1052 perit
887 1000 951 1034 cum
970 982 1066 1034 sonitu.
1103 980 1141 1033 Ea
1161 992 1248 1033 autem
1270 979 1327 1030 laus

277 1068 348 1139 apud
369 1067 548 1138 posteritatem
568 1087 739 1137 permansura
759 1068 854 1121 virtute
875 1079 990 1139 paratur.
1027 1069 1106 1123 Unde
1125 1079 1163 1120 est
1180 1066 1245 1120 illud
1265 1065 1326 1117 Vir-

278 1155 333 1226 gilii
351 1156 396 1208 tib.
417 1153 526 1207 Aeneid.
546 1156 579 1219 X,
598 1158 651 1208 461
663 1158 771 1209 -469ε

391 1271 425 1280 -
463 1270 495 1281 -
533 1270 567 1280 -
604 1247 689 1293 Breve
706 1253 733 1291 et
751 1241 928 1310 irreparabile
946 1252 1050 1311 tempus

392 1329 520 1381 Osonibus
540 1339 579 1380 est
600 1330 690 1380 vitae:
707 1329 756 1380 sed
768 1329 877 1398 famam
893 1330 1034 1380 extendere
1047 1331 1139 1399 saetis

393 1418 451 1466 Hoc
469 1416 581 1467 virtutis
600 1399 745 1483 opuif‘-
782 1444 817 1454 -
853 1444 889 1456 -·-
924 1416 946 1467 F
954 1415 1166 1487 re.Syivius.

276 1500 427 1566 „Nimirum
446 1502 477 1554 iis
495 1512 532 1554 est
550 1520 623 1555 mors
641 1501 779 1568 terribilis,
806 1503 851 1573 qui
870 1504 949 1556 vitam
968 1502 1076 1555 silentio
1102 1515 1253 1568 transeunt,
1272 1502 1326 1554 rei-
1349 1508 1356 1515 '

276 1588 314 1640 uti
341 1607 452 1658 pecora,
479 1599 507 1641 ut
531 1588 568 1641 ait
591 1588 737 1643 Sallustius.
776 1588 866 1657 [Catii.
885 1591 951 1657 1.].“
977 1590 1156 1644 Graevius.
1175 1620 1209 1630 -
1239 1589 1324 1641 codd.

276 1672 348 1728 Gud.
367 1675 399 1728 Α.
418 1674 476 1729 Cra.
496 1682 521 1730 2.
541 1671 640 1730 babent
660 1690 799 1731 moreest
818 1678 1003 1732 terribilis.
1045 1679 1100 1731 Pro
1118 1679 1152 1729 iis
1171 1677 1247 1729 multi
1264 1678 1325 1730 iibri

276 1774 302 1816 et
319 1763 410 1834 scripti
428 1776 455 1817 et
472 1764 534 1817 editi
552 1763 651 1818 habent
669 1767 719 1818 his.
765 1766 833 1819 Cod.
851 1766 944 1818 Duisb.
965 1785 1034 1816 mors
1053 1763 1202 1816 terribilis?
1220 1766 1266 1815 sed
1283 1766 1326 1827 iis,

277 1868 389 1923 quorum
396 1870 406 1908 ;
425 1850 532 1904 Suerin.
551 1862 592 1903 est
612 1853 702 1907 illis.
748 1853 780 1905 ln
800 1853 850 1905 Ox.
868 1872 891 1907 σ.
921 1853 1016 1904 desunt
1040 1851 1119 1903 verba
1142 1850 1204 1905 inde
1222 1870 1237 1902 a
1256 1870 1326 1902 mors

277 1956 362 2008 usque
380 1937 413 1990 ad
430 1958 483 1990 non
498 1947 604 2008 potest:
632 1937 682 1990 alia
701 1949 790 1990 autem
809 1956 906 1989 manus
924 1939 951 1989 in
970 1954 1055 2006 marg.
1074 1936 1224 2007 adscripsit:
1256 1955 1327 1988 mors

276 2026 404 2077 terribilis
421 2026 479 2089 liis,
504 2042 617 2094 quorum
643 2025 706 2075 laus
724 2025 805 2074 emori
823 2042 874 2074 non
891 2033 992 2091 potest.
1038 2022 1068 2074 ln
1094 2022 1143 2074 Ed.
1171 2041 1228 2093 pre.
1247 2025 1326 2077 1465.

277 2114 346 2165 Vici.
363 2112 431 2164 Rob.
449 2110 540 2180 Steph.
560 2108 670 2179 legitur:
689 2120 721 2161 ut
741 2108 775 2159 ab
793 2108 918 2178 improbis
937 2108 1158 2180 deinigrandum?
1188 2110 1232 2160 Sit
1256 2128 1326 2163 mors

277 2197 404 2249 terribilis
422 2197 473 2263 iis,
489 2225 532 2248 —.
565 2195 615 2250 Or.
638 2196 685 2267 qui
711 2197 738 2248 in
758 2195 914 2249 Manutiana
934 2197 1085 2267 reperisset:
1103 2217 1173 2250 mors
1200 2197 1326 2250 terribilis

276 2296 317 2336 est
335 2285 382 2349 iis,
400 2302 513 2356 quorum
530 2285 593 2336 laus
610 2284 811 2352 errroripotest,
839 2282 939 2336 addens
959 2303 987 2336 se
1006 2285 1121 2350 nescire,
1147 2304 1201 2356 quo
1226 2303 1325 2337 errore.

276 2371 335 2442 Ego
354 2372 410 2426 eius
428 2391 534 2425 oausam
559 2370 738 2441 deprehendi,
763 2389 826 2424 cum
850 2370 878 2424 in
899 2382 1015 2442 quatuor
1041 2373 1115 2425 libris
1139 2372 1211 2426 hunc
1234 2373 1324 2425 locum

275 2459 353 2517 simili
373 2458 453 2514 modo
472 2471 629 2531 corruptum
648 2459 777 2512 vidissem.
824 2455 894 2512 Casu
911 2462 983 2512 enim
1003 2480 1064 2514 cum
1083 2460 1184 2514 factum
1203 2472 1276 2526 esset,
1297 2471 1325 2512 ut

276 2547 376 2601 librarii
391 2547 502 2602 alicuius
515 2547 641 2615 oculusve
662 2547 750 2617 priore
764 2567 875 2618 quotum
893 2549 926 2600 ad
946 2549 1075 2619 posterius
1089 2551 1232 2612 aberraret,
1251 2549 1325 2600 ideo-

277 2654 329 2705 que
349 2634 418 2687 linea
437 2635 540 2704 integra
565 2635 706 2699 excideret,
733 2637 833 2690 sactum
859 2646 911 2702 est,
939 2647 967 2688 ut
992 2638 1083 2706 inepta
1107 2636 1173 2688 haec
1196 2637 1325 2689 sententia

278 2723 371 2774 exiret:
390 2741 460 2773 ruore
476 2721 604 2773 terribilis
621 2732 663 2774 est
681 2725 724 2780 iis,
742 2744 854 2795 quorum
872 2726 934 2775 laus
953 2724 1034 2772 emori
1050 2742 1113 2773 non
1132 2733 1231 2792 potest:
1251 2743 1324 2775 eam·

278 2828 331 2880 que
345 2827 425 2880 supra
443 2828 473 2860 ex
492 2808 613 2880 margine
632 2808 699 2864 Cod.
718 2810 769 2864 Or.
788 2831 812 2866 σ.
833 2808 996 2864 enotavimus
1014 2820 1040 2862 et
1060 2808 1169 2861 totidem
1182 2808 1266 2861 verbis
1285 2808 1324 2860 ie-

278 2898 365 2968 gimus
388 2899 415 2950 in
432 2896 484 2950 Ed.
504 2909 593 2950 nostra
609 2896 707 2951 Aldina
726 2919 750 2952 a.
769 2903 848 2954 1552.
891 2888 955 2965 Quo
973 2915 1065 2949 errore
1089 2907 1233 2965 conspecto
1262 2914 1324 2949 cum

279 2995 415 3039 corrector
433 2984 606 3038 uoniibrum
625 2986 776 3057 inspexisset
793 2985 867 3050 MS„
894 2985 967 3037 unde
984 2984 1128 3054 exscriptus
1147 2994 1214 3037 esset
1231 3002 1324 3050 nurus,

279 3072 484 3143 expungendum
504 3073 605 3125 censuit
622 3072 687 3126 illud
705 3094 767 3142 non,
784 3074 857 3145 quod
876 3072 1033 3126 sententiam
1053 3071 1186 3125 videretur
1200 3072 1323 3124 turbare:

277 3178 338 3212 sere
365 3158 437 3211 enim
462 3169 576 3230 poterat,
591 3162 722 3232 scripsisse
749 3164 860 3228 Cicero,
893 3161 926 3214 iis
957 3158 1187 3214 terribilem'eese
1210 3171 1324 3212 nrortem

277 3266 369 3317 porse,
388 3265 504 3317 quorum
520 3245 577 3300 iaus
595 3248 676 3318 possit
687 3234 780 3302 emori.
818 3249 910 3317 Quare
923 3268 984 3302 oum
998 3247 1155 3301 Manutiana
1173 3249 1236 3301 anui
1247 3251 1325 3301 1555.

277 3334 468 3402 exprimeretur
486 3335 520 3387 ad
538 3336 672 3407 exemplar
689 3338 812 3390 editionis
829 3339 942 3391 Aldinae
960 3337 1023 3388 anni
1034 3340 1118 3389 1552:
1135 3335 1212 3388 huius
1230 3335 1326 3387 editio-

277 3422 319 3473 nis
336 3441 388 3474 non
406 3423 539 3474 abiectum
557 3434 609 3488 est,
627 3423 809 3495 scriptumque
821 3444 933 3495 quorum
950 3424 1013 3475 laus
1031 3424 1112 3474 emori
1128 3433 1226 3491 potest.
1261 3421 1326 3473 Hie·

277 3528 337 3562 ron.
356 3519 444 3561 autem
463 3508 594 3575 Wolfius,
613 3511 660 3582 qui
679 3510 817 3566 Ciceronis
834 3513 913 3565 verba
939 3513 1070 3582 descripta
1090 3511 1123 3563 ad
1140 3510 1190 3562 Ed.
1208 3529 1231 3561 a.
1246 3512 1325 3563 1555.

278 3597 319 3648 edi
337 3596 418 3661 iussit,
437 3597 515 3662 item,
537 3617 625 3670 neque
643 3598 788 3656 Codicibus
807 3601 932 3673 inspectis
949 3619 1036 3671 neque
1055 3599 1122 3653 Edd.
1139 3610 1209 3663 vett,
1227 3595 1323 3651 edidit:

277 3703 346 3736 mors
363 3683 490 3736 terribilis
507 3695 548 3737 eet
566 3688 613 3749 iis,
632 3708 744 3757 quorum
769 3691 832 3741 laus
849 3689 930 3740 emori
951 3697 1052 3756 potest.
1097 3686 1141 3738 Ad
1167 3684 1324 3738 senteutiam

254 3795 257 3799 ·
278 3781 304 3824 et
321 3769 355 3821 ad
374 3771 452 3822 rerba
472 3771 566 3833 confer
584 3792 648 3825 cum
666 3774 749 3846 Borg.
775 3774 832 3830 Cic.
857 3795 907 3846 pro
926 3775 1024 3828 Archia
1042 3779 1087 3828 tr:
1120 3785 1172 3825 aut
1190 3773 1325 3826 nobiscnm

276 3858 357 3909 simul
381 3859 513 3913 moritura
538 3860 626 3911 omnia
653 3860 835 3914 arbitremur?
853 3890 887 3902 -
930 3862 1013 3930 Quod
1039 3882 1068 3915 ex
1093 3861 1171 3932 Eybii
1197 3858 1326 3928 excerptis
1366 3874 1369 3879 ’

276 3955 398 3999 enotatus
416 3955 455 3997 est
471 3945 589 3999 insenius
607 3949 750 4003 verborum
769 3951 852 4004 ordor
871 3957 952 4002 emori
969 3951 1046 4016 laus,
1063 3949 1089 4001 id
1110 3948 1164 4014 vir,
1184 3958 1213 3999 ut
1232 3945 1322 4017 piera-

276 4050 344 4104 que,
362 4041 455 4085 notatu
474 4031 585 4102 dignum
604 4034 714 4090 videtur.
751 4038 812 4091 Mr.

345 4120 464 4187 Quorum
482 4119 544 4171 laus
560 4124 639 4173 emori
657 4143 709 4198 non
724 4128 836 4194 potest]
866 4125 951 4188 „Laus
974 4145 1029 4177 non
1054 4136 1158 4177 tantum
1184 4138 1221 4179 est
1239 4126 1324 4196 gioria

274 4219 334 4277 post
350 4217 464 4262 mortem
489 4228 643 4273 remanens,
667 4211 711 4264 sed
737 4212 793 4282 ipsa
819 4213 898 4266 etiam
924 4215 1030 4278 virtues
1051 4231 1119 4284 quae
1146 4232 1207 4267 cum
1234 4212 1324 4264 animo
