3059 4925
277 459 349 532 118
609 485 780 532 ))))))ο)))
808 486 1001 535 srorconurr.

274 655 337 712 stat,
357 646 490 718 scriptane
508 643 560 696 sint
577 662 591 695 a
611 639 756 710 Cicerone,
776 663 810 697 an
829 645 862 698 ab
881 644 987 717 aliquo,
1015 648 1058 699 cui
1076 646 1129 700 boc
1145 646 1250 701 initium
1269 646 1323 699 Pa·

274 732 380 797 radosi,
398 731 594 801 utabruptom,
614 749 668 781 non
681 728 810 800 placeret:
830 751 876 783 nec
886 733 954 784 enim
964 745 1173 802 peccatorernm
1182 744 1278 786 eventu
1288 761 1323 771 -

275 839 336 874 curn
356 838 412 872 non
430 817 604 888 intelligeret,
623 836 652 868 ex
673 817 847 889 inscriptione
865 818 969 874 Graeca
988 832 1048 891 apte
1062 821 1187 893 pendere.
1224 819 1324 892 Siquis

275 921 362 963 tamen
381 926 411 961 ea
429 905 548 977 recipiat,
568 923 623 957 non
643 907 785 976 pugnabo:
804 908 885 961 modo
904 908 977 976 sciat,
997 909 1024 961 in
1043 910 1165 982 quinque
1183 909 1239 962 aliis
1251 892 1323 961 'meis

274 995 414 1067 separatim
432 1012 487 1046 esse
504 992 616 1063 scripta,
642 1004 676 1061 et,
701 995 728 1046 in
749 1006 876 1066 quattuor
895 997 1003 1068 quidem
1022 1017 1051 1049 es
1076 998 1209 1068 quinque,
1233 996 1323 1049 minu-

169 1143 171 1146 ,
274 1084 335 1140 tulis
352 1082 453 1136 litteris.
495 1080 579 1149 Quod
598 1081 682 1152 magis
699 1081 814 1153 glossam
833 1082 894 1138 olet.
938 1083 999 1137 Vid.
1018 1083 1087 1137 Plut.
1111 1085 1144 1136 de
1171 1084 1229 1136 virt.
1254 1102 1322 1137 mor.

272 1172 336 1225 Hor.
354 1171 411 1223 Ser.
432 1170 477 1225 lib.
495 1173 520 1221 1.
541 1169 593 1222 tab.
614 1173 638 1221 2.
655 1169 728 1223 Pers.
747 1169 803 1222 Sat.
815 1171 860 1224 5.“
877 1170 948 1223 Ald.
967 1170 1053 1223 Man.
1089 1171 1230 1236 „Pendent
1246 1170 1324 1224 rerba

275 1262 330 1311 Nec
348 1259 417 1309 enim
430 1250 595 1327 peccotoab
609 1256 797 1328 inscriptione:
822 1254 863 1308 ὅτι
884 1262 929 1309 ἴσα
952 1256 987 1309 rel
1009 1252 1196 1326 ἁμαρτήματα.
1239 1257 1322 1324 Quod

274 1365 336 1400 cum
356 1365 410 1400 non
425 1345 486 1399 satis
496 1344 725 1410 animadverteret,
743 1344 885 1396 desiderari
897 1337 996 1415 aliquid
1016 1341 1176 1410 existimavit,
1195 1343 1241 1414 qui
1258 1341 1324 1397 baec

210 1424 215 1427 ⁴
274 1432 325 1485 illis
343 1453 357 1486 a
377 1453 404 1486 se
422 1431 509 1485 addita
529 1430 711 1502 praescripsit:
730 1434 840 1495 Parvo,
858 1432 962 1504 inquis,
981 1443 1023 1483 res
1040 1442 1097 1482 est:
1125 1433 1205 1503 atqui
1223 1450 1322 1503 magno

274 1522 362 1589 culpa.
382 1520 516 1572 nonenim
534 1530 600 1584 etc,
618 1537 687 1590 quae
705 1529 735 1571 ut
754 1519 899 1571 necessaria
918 1516 1055 1571 nonnuliis
1080 1518 1195 1588 abrupto
1221 1519 1323 1590 princi·

274 1610 319 1680 pio
338 1608 446 1662 offensis
464 1606 603 1661 retinenda
631 1606 768 1659 videntur:
794 1618 874 1678 atque
904 1607 940 1659 ita
966 1606 1111 1658 Lambinus
1134 1605 1223 1658 edidit.
1269 1605 1323 1658 Sed

274 1695 346 1767 quod
366 1695 486 1760 diximus,
506 1694 592 1750 verius
607 1696 702 1765 puto.“
720 1693 813 1766 Sylb.
850 1694 983 1760 „Videtur
999 1694 1166 1746 occasionem
1184 1694 1325 1765 sumpsisse

273 1783 351 1837 buius
368 1783 435 1837 initii
455 1802 484 1835 es
502 1780 726 1854 apophthegmata
745 1781 877 1835 Platonis:
901 1800 916 1834 a
935 1800 990 1852 quo
1015 1800 1076 1834 curn
1095 1779 1263 1846 adolescens,
1287 1780 1322 1832 ob

273 1870 366 1924 ludum
385 1867 520 1941 quendam
539 1868 654 1939 graviter
670 1868 844 1939 obiurgatus,
856 1880 910 1922 tam
927 1888 1035 1939 parvam
1053 1868 1088 1921 ob
1107 1868 1186 1920 remi
1212 1868 1323 1932 dixisset,

273 1958 411 2029 respondit
429 1955 614 2028 pbilosopbus:
634 1956 668 2007 Ar
687 1974 768 2026 parva
785 1974 827 2007 res
846 1975 900 2007 non
920 1967 957 2008 est
971 1956 1162 2009 consuetudo.“
1179 1955 1293 2009 H.Wol
1304 1958 1322 2007 f.

273 2045 361 2098 Locus
379 2056 417 2097 est
434 2043 506 2112 apud
526 2043 603 2111 Diog.
622 2043 709 2094 baert.
737 2042 779 2110 (in
805 2043 854 2095 vita
881 2043 1012 2111 Platonis)
1030 2044 1086 2095 Lib.
1105 2044 1148 2095 111.
1171 2062 1253 2113 segni.
1272 2046 1321 2096 35:

275 2132 435 2192 &sadduceis
459 2150 518 2179 τινα
543 2126 685 2193 κυβεύοντα
707 2127 882 2182 αἰτιάσασθαι
910 2133 1011 2197 λέγεται
1036 2128 1048 2181 ὁ
1074 2127 1196 2186 Πλάτων.
1221 2134 1269 2181 τοῦ
1294 2133 1323 2181 δὲ

274 2217 402 2284 εἰη-ὄντος,
422 2214 461 2274 nic
479 2220 532 2269 inl
549 2229 703 2286 μικροῖς·
723 2214 811 2268 α’λλά
829 2218 906 2284 τόγε
924 2220 1019 2281 ἔθος,
1037 2213 1119 2281 εἶπεν,
1138 2216 1321 2286 οὐμικρόν.

273 2305 331 2358 Μ).
369 2303 500 2372 „Palatini
519 2293 602 2357 nostri
617 2304 758 2357 codicibus
774 2305 812 2358 eis
829 2305 969 2372 accedunt,
988 2306 1086 2378 quibus
1101 2305 1202 2358 haeret:
1223 2309 1322 2368 Parvo,

274 2393 377 2465 inquit,
396 2400 450 2443 est
468 2411 486 2466 ἰ)
493 2403 506 2442 1
524 2407 622 2461 magno
642 2392 752 2461 cnlpa.‘¹
772 2390 870 2446 Grut.
907 2392 1005 2460 „MSS
1024 2398 1132 2458 Parvo,
1151 2395 1255 2466 inquit,
1274 2403 1323 2455 est,

274 2492 307 2532 ut
325 2498 424 2551 magna
440 2480 548 2549 celfled·
567 2477 684 2533 Graec.
705 2482 886 2553 „Atmngncn
906 2483 947 2534 Al.
966 2483 1069 2553 atqui
1080 2484 1209 2553 magno.“
1227 2481 1322 2534 Face.

343 2573 453 2631 Parve,
471 2568 575 2638 inquit,
595 2586 637 2619 res
655 2574 704 2618 esl.
752 2571 793 2619 At
813 2586 912 2640 magna
932 2570 1033 2639 culpe]
1064 2565 1134 2620 Cum
1165 2566 1278 2620 Manutii
1298 2579 1324 2621 et

275 2654 383 2711 Grutesi
403 2653 489 2707 Codd.
509 2654 607 2707 babent
626 2661 731 2718 Pareo,
749 2656 853 2727 inquit,
878 2667 930 2710 est
951 2667 988 2707 ut
1014 2674 1111 2726 anagnu
1130 2656 1211 2723 culpo
1238 2655 1324 2708 Codd.

275 2739 341 2794 Osa.
359 2741 389 2792 E.
415 2739 434 2793 l.
461 2739 492 2793 N.
512 2740 545 2793 U.
574 2740 645 2794 Gud.
664 2741 694 2794 B.
721 2742 828 2797 Suerin.
857 2743 915 2798 Cra.
935 2748 959 2796 2.
979 2747 1004 2796 3.
1033 2741 1113 2794 Drsd.
1132 2745 1156 2793 1.
1174 2748 1199 2794 2.
1217 2746 1242 2795 3.
1291 2746 1322 2795 ln

276 2828 334 2882 Cra.
355 2833 381 2882 t.
399 2829 495 2883 desum
511 2828 577 2883 baec
602 2830 707 2895 omnia,
732 2831 850 2903 itemque
876 2833 904 2883 in
929 2828 1027 2891 Ona.
1063 2827 1093 2880 ln
1119 2828 1198 2881 Drsd.
1219 2833 1244 2882 5.
1270 2841 1321 2883 est:

274 2936 364 2987 parva
381 2918 470 2990 inquit
489 2928 530 2969 est
548 2928 581 2968 nt
600 2916 680 2985 culpo
705 2936 824 2988 mngnn,·
857 2918 884 2970 in
908 2917 988 2971 Drsd.
1007 2921 1038 2969 4)
1062 2933 1150 2983 porra
1174 2915 1263 2986 inquit
1282 2928 1324 2965 est

277 3007 357 3075 eulpa
376 3017 407 3057 nt
428 3023 537 3077 magno,
567 3007 597 3057 in
616 3004 687 3057 Gud.
708 3007 738 3058 Α.
765 3023 854 3074 parvo
878 3007 967 3076 inquit
994 3016 1026 3055 ut
1051 3022 1150 3074 magno
1174 3015 1215 3054 est
1235 3004 1324 3072 culpo.

277 3093 328 3148 Ox.
344 3093 377 3146 E.
395 3091 475 3146 babet
492 3111 590 3164 magno
609 3094 690 3162 culpo
708 3096 763 3145 sive
782 3095 900 3144 rnnximo
919 3094 1008 3162 culpa.
1046 3090 1077 3142 ln
1091 3091 1170 3143 Drsd.
1183 3094 1208 3145 3.
1227 3093 1323 3144 omissa

277 3181 362 3234 littera
382 3180 475 3233 initiali
495 3191 534 3233 est
553 3183 640 3236 Arva.
676 3178 874 3257 Tb.Bentleius
893 3193 952 3254 post
969 3179 1153 3251 Sylburgium,
1173 3181 1244 3232 Crat.
1263 3180 1322 3232 Atd.

276 3273 355 3325 1511.
374 3272 452 3324 1552.
472 3269 644 3323 haecomnia
665 3274 777 3334 „Parva
794 3299 827 3309 ·-
842 3271 938 3340 oolpo“
957 3268 1064 3325 delevit:
1083 3267 1215 3338 cupidius,
1233 3268 1323 3334 eredo,

277 3377 357 3429 quarn
377 3358 481 3411 rectius.
516 3357 687 3428 Elegantiora
706 3370 783 3424 sunt,
813 3379 893 3429 quam
914 3379 982 3431 quae
997 3356 1085 3409 solent
1101 3374 1206 3408 assuere
1225 3355 1324 3426 glossa-

167 3452 185 3516 .⁰
278 3457 355 3498 tores.
398 3443 516 3497 niteram
537 3463 628 3499 rocem
654 3443 755 3498 Gernh.
785 3465 846 3498 cum
872 3446 963 3500 multis
987 3445 1069 3497 edidit
1095 3447 1199 3516 inquis,
1224 3443 1269 3497 sed
1296 3446 1323 3495 in

278 3533 415 3589 Addendis
434 3533 630 3587 commendavit
646 3534 752 3604 inquit,
781 3534 853 3605 quod
882 3534 1033 3604 recepimus
1067 3551 1095 3584 ex
1115 3531 1202 3584 Codd.
1228 3531 1323 3583 Duisb.

277 3620 335 3673 Cra.
353 3627 377 3674 2.
394 3619 466 3673 Gud.
486 3622 516 3673 Α.
536 3621 566 3674 Β.
615 3621 805 3676 ὃ)ε)ἰ))..Βε));
832 3622 923 3676 Gueli.
943 3623 1073 3675 Vossiano
1096 3636 1153 3675 uno
1181 3619 1325 3690 Borgersii,

276 3707 344 3761 Edd.
373 3726 428 3779 prc.
448 3713 527 3763 1465.
552 3708 601 3760 Ed.
622 3729 664 3778 ap.
690 3708 776 3767 Meus.
796 3707 874 3763 Hdlb.
894 3731 913 3763 s.
933 3711 950 3762 l.
977 3720 1003 3762 et
1027 3728 1051 3761 a.
1073 3707 1139 3759 Asc.
1157 3708 1236 3759 1511.
1255 3706 1324 3758 Ven.

276 3802 355 3852 1492.
375 3804 452 3854 1514.
472 3800 554 3851 Paris.
574 3801 652 3852 15111.
671 3801 750 3852 1512.
776 3799 841 3870 Arg.
862 3803 940 3853 1515.
960 3799 1021 3852 Par.
1042 3801 1121 3851 1543.
1142 3795 1227 3865 Lugd.
1247 3797 1325 3847 1515.

275 3884 541 3940 1))1.1515.8))11).
570 3884 641 3939 Petr.
668 3886 735 3940 Vict.
762 3887 831 3939 Rob.
858 3886 951 3959 steph.
976 3885 1077 3940 Stnrm.
1110 3882 1205 3935 Colon.
1234 3881 1324 3935 Herw.

275 3972 353 4026 Boul.
373 3975 447 4027 Cam.
467 3973 549 4044 Borg.
567 3973 617 4028 Or.
633 3974 738 4047 Reliqui
758 3976 857 4029 babent
880 3977 979 4048 inquis.
1022 3973 1075 4026 Sed
1102 3971 1181 4022 etiarn
1207 3970 1234 4021 in
1263 3968 1326 4021 reli-

275 4065 335 4135 quis
349 4062 449 4115 variant
468 4062 544 4131 editi,
565 4063 637 4135 quod
658 4083 713 4116 non
733 4067 833 4118 notavit
850 4064 900 4116 Or.
937 4063 983 4116 Est
1000 4061 1084 4114 enim:
1108 4068 1148 4108 est
1168 4075 1224 4121 res,
1243 4066 1326 4126 atque

275 4171 293 4203 n
313 4150 380 4206 Edd.
401 4170 472 4221 quas
491 4150 671 4215 laudavimus,
693 4153 760 4202 Ven.
784 4155 961 4205 14921514.
981 4152 1041 4203 Asc.
1061 4146 1139 4199 lltllb.
1158 4145 1220 4198 Par.
1232 4145 1326 4208 tribus,

276 4237 339 4306 Arg.
359 4237 425 4291 Dav.
444 4237 549 4308 bugd.,·
569 4256 610 4289 res
629 4247 687 4300 est,
708 4241 788 4310 utqui
813 4239 841 4290 in
861 4239 927 4292 Edd.
949 4239 1106 4294 1111548.
1152 4234 1229 4286 Boul.
1257 4230 1325 4284 Aut.

1512 471 1527 648 l

1517 4141 1527 4181 1
