3059 4925
311 431 385 506 352
410 461 413 468 “’
721 456 884 505 excussus
912 460 943 505 x.

307 627 372 672 suut
392 617 440 667 alii
458 616 587 670 lautiores
607 643 640 658 ν-
657 618 742 680 serui,
761 618 809 669 sat
825 628 916 672 tmen
933 619 1011 681 servi,
1029 618 1160 672 atrienses
1177 638 1211 673 ac
1229 621 1340 689 topiarii
1349 641 1357 670 .-

307 705 443 757 stultitine
460 722 526 756 suae
545 723 610 776 quos
628 705 719 775 signa,
739 723 806 775 quos
825 705 936 759 tabulae
955 734 986 746 -
1007 705 1164 774 assuas]
1183 734 1218 750 η·
1263 708 1357 769 „Actu

304 794 366 860 pari
384 791 474 856 stult]
521 793 551 845 ln
571 791 665 843 Venet.
690 790 943 861 emendatus(nibil
971 793 1043 845 enim
1071 793 1178 861 dubito)
1205 793 1280 848 locus
1304 807 1355 848 est:

309 881 428 948 Topiarii
444 878 581 931 stultitiae
600 896 673 931 suae.
719 878 793 934 Dicit
817 879 889 934 enim
910 899 967 936 nou
985 880 1092 933 infimae
1110 881 1188 934 sortis
1211 881 1289 947 istos,
1309 882 1355 953 qui

306 970 384 1039 vulgo
404 970 471 1021 beati
491 976 626 1038 putentur,
646 985 699 1019 esse
718 986 814 1034 servos,
833 968 878 1020 sed
898 967 971 1038 quasi
990 969 1132 1039 primarios
1150 969 1279 1039 quosdam
1301 989 1356 1021 ser-

305 1077 364 1120 vos,
385 1075 472 1108 servos
490 1066 580 1112 tamen
600 1053 819 1121 susltitisesuse,
844 1067 873 1110 ut
893 1057 1039 1121 atrienses,
1063 1056 1111 1132 qui
1130 1056 1235 1127 negotia
1257 1067 1356 1110 tracta-

305 1147 368 1198 bant
387 1145 574 1209 dominorum‚
595 1144 724 1213 quemad
743 1143 854 1195 modum
868 1143 932 1196 dicit
946 1142 1103 1210 Pseudolus,
1122 1144 1222 1196 condus
1238 1162 1355 1212 promus,

302 1233 540 1305 procurator-peni
558 1231 601 1300 [ll,
620 1235 646 1296 2,
667 1232 720 1298 tu]
739 1241 765 1284 et
783 1249 856 1285 mos:
884 1231 932 1301 [ib.
952 1233 1015 1298 312]
1046 1232 1100 1301 Qui
1118 1249 1159 1284 rss
1184 1233 1354 1303 rationesque

304 1321 411 1374 heri-
431 1339 508 1385 euro,
528 1328 670 1390 argentum
690 1328 813 1390 accepto,
831 1329 858 1372 et
877 1320 920 1370 cui
940 1319 1016 1396 debet
1034 1320 1109 1375 data.
1144 1319 1287 1390 Topiarios
1305 1338 1355 1371 au·

304 1419 356 1459 tem
378 1405 422 1477 qui
443 1405 513 1475 topia
533 1416 675 1470 curarent,
700 1405 807 1458 delicias
835 1406 962 1476 quasdam
990 1419 1015 1460 et
1034 1407 1205 1462 amoenitates
1223 1407 1354 1467 locorum,

303 1492 336 1545 de
355 1492 451 1563 quibus
471 1492 547 1567 plura
568 1493 731 1545 Victorius.“
750 1491 982 1548 Camerarius.

374 1582 405 1635 C.
424 1579 588 1651 Langius:
609 1580 720 1645 „Patavi
739 1579 884 1650 aliquando
904 1580 939 1634 ita
957 1582 1037 1634 scribi
1056 1601 1145 1652 posse:
1172 1582 1302 1633 atrienses
1315 1578 1353 1631 'uc

302 1671 413 1740 topiarii
431 1670 569 1724 stultitias
587 1687 666 1724 suas,
684 1687 751 1739 quos
769 1668 849 1738 signu
867 1696 911 1724 -.
958 1668 1027 1724 Nam
1046 1688 1109 1726 sum
1128 1668 1157 1720 in
1175 1667 1249 1723 striis
1266 1686 1352 1736 pone-

303 1770 396 1814 rentur
415 1758 494 1828 longtt
512 1755 580 1814 serie
597 1756 727 1826 imagines
744 1755 908 1827 gentilicia,
927 1767 1043 1823 statuae,
1062 1756 1183 1827 picturae
1208 1765 1233 1810 et
1257 1754 1307 1810 alia
1325 1756 1353 1810 id

305 1865 404 1917 genus,
429 1856 460 1902 ut
481 1844 597 1915 Philipp.
615 1842 646 1894 ll.
676 1853 702 1900 et
729 1842 801 1913 apud
833 1843 999 1907 luvenalem3
1028 1844 1163 1914 spectabat
1189 1863 1219 1896 ea
1238 1862 1301 1898 cura
1320 1844 1353 1898 ad
1413 1872 1443 1897 -.·

302 1934 443 1986 atriensem
462 1950 582 1995 ιιινιιιιι,
601 1930 677 1984 cuius
693 1930 721 1982 in
740 1931 842 1986 familia
861 1932 964 2003 primus
982 1931 1057 1988 locus
1076 1943 1142 1997 erat,
1160 1942 1191 1985 ut
1208 1951 1236 1984 es
1255 1930 1353 1986 Plauto

301 2030 426 2091 apparet,
453 2030 482 2072 ut
499 2018 639 2074 hortorum
664 2017 852 2087 pellendorum
878 2030 904 2072 et
929 2020 1000 2074 varie
1023 2019 1237 2078 exornandorum
1256 2020 1290 2074 ad
1309 2030 1352 2072 to-

299 2108 411 2176 piariae.
451 2105 580 2160 Fortassis
598 2116 686 2158 autern
707 2105 744 2161 sic
762 2108 874 2162 rectius:
898 2110 993 2178 Atque
1018 2108 1097 2160 utin
1124 2126 1223 2177 nsagna
1236 2107 1352 2178 funalia

268 2204 273 2214 '
300 2204 365 2248 sunt
383 2194 446 2246 aliis
464 2193 514 2243 alii
531 2193 675 2249 lautiores,
699 2203 731 2245 ut
750 2193 801 2248 sibi
818 2195 959 2257 uidentur,
977 2195 1062 2258 serui,
1085 2195 1133 2247 sed
1155 2205 1247 2248 tamen
1264 2194 1350 2246 servi:

301 2284 432 2336 atrienses
451 2299 483 2334 aa
501 2292 549 2345 tu,
565 2280 629 2349 pari
645 2281 770 2333 stultitia
785 2292 866 2344 sient,
888 2300 954 2351 quas
971 2282 1050 2351 signa
1069 2291 1118 2340 elo.
1136 2282 1196 2340 ssd.
1223 2293 1253 2336 ut
1269 2283 1351 2338 semel

300 2371 403 2435 dicam,
422 2388 477 2421 non
497 2388 540 2420 me
559 2368 685 2421 estrico.‘⁴

370 2457 390 2510 l.
408 2455 613 2513 Morisotus:
631 2495 647 2522 „
667 2456 755 2513 Locus
774 2454 839 2508 mire
856 2454 1015 2527 depravatus
1032 2468 1077 2511 est.
1114 2457 1145 2513 ln
1166 2458 1269 2515 vetustis
1287 2459 1350 2529 qui-

300 2547 411 2603 busdam
431 2545 624 2616 exemplaribus
641 2543 679 2598 sic
698 2554 790 2596 eistat:
820 2545 915 2613 Atque
933 2553 964 2595 ut
983 2545 1012 2595 in
1030 2562 1129 2614 magna
1145 2544 1258 2612 [anulio
1274 2545 1350 2597 stul-

300 2647 388 2689 tarum
406 2634 538 2687 sunt‘alii
556 2632 687 2687 lautiores
705 2633 752 2695 (ur
771 2628 823 2680 sibi
845 2631 985 2696 ridentur)
1008 2632 1080 2683 servi
1103 2631 1250 2696 atrienses,
1282 2642 1348 2685 actu

299 2724 360 2790 pari
378 2720 515 2773 stultitiae
532 2729 606 2775 sunt.
642 2716 673 2791 ln
692 2716 887 2770 recentioribus
912 2727 1000 2771 autem
1020 2718 1071 2773 boc
1089 2719 1171 2771 modo
1196 2729 1348 2775 correctum

299 2818 349 2864 est:
369 2808 462 2878 Atque
480 2806 559 2859 utin
577 2822 676 2876 magna
690 2804 805 2875 familia
823 2805 971 2859 stultarum
991 2816 1058 2857 eunt
1081 2806 1130 2859 alii
1151 2806 1284 2863 lautiores
1301 2812 1349 2870 (ut

297 2895 349 2951 sibi
367 2894 505 2962 videntur)
522 2892 607 2957 servi,
624 2893 673 2945 sesl
689 2901 781 2945 tamen
798 2892 883 2957 servi,
909 2893 1040 2947 atrienses
1058 2911 1092 2949 ac
1113 2903 1162 2947 tu:
1190 2893 1254 2961 pori
1276 2895 1348 2947 stul·

298 2985 364 3037 titia
382 2994 456 3041 sunt.
475 3010 509 3021 -
539 2980 596 3036 Nec
615 2980 774 3043 defuerunt,
804 2980 849 3050 qui
870 2978 939 3034 banc
956 2982 1117 3051 scripturam
1135 2981 1278 3039 emendare
1295 2981 1350 3033 rel-

298 3069 371 3127 lent:
395 3087 511 3140 quorum
530 3087 600 3121 nnus
617 3067 732 3137 nsargini
750 3065 884 3133 adnotavit
911 3069 982 3120 servi
1008 3069 1152 3132 atrienses,
1183 3070 1233 3125 sat
1259 3080 1351 3127 taurus

299 3157 369 3211 servi
387 3173 471 3227 aeque
489 3173 522 3209 ac
539 3165 581 3212 tu.
618 3154 706 3209 Alter.
722 3155 786 3223 puri
804 3172 837 3207 ue
855 3165 887 3207 tu
907 3156 1031 3211 stultitia
1048 3168 1122 3213 suut
1160 3155 1216 3223 Qui
1235 3167 1265 3213 ut
1283 3155 1351 3213 alios

297 3243 396 3297 iudicio
415 3242 547 3308 vicerunt,
574 3216 721 3297 siclorum
741 3261 798 3297 nan
816 3242 932 3307 emnina
953 3243 1132 3305 rennerunt
1175 3243 1233 3301 Nos
1255 3242 1350 3315 legen

299 3331 362 3391 deun
389 3349 542 3385 censemus:
569 3333 664 3400 Atque
683 3339 715 3381 ut
731 3329 762 3385 in
779 3349 881 3402 magna
902 3331 1017 3400 familia
1034 3330 1183 3387 stultarum
1199 3342 1265 3395 sunt
1283 3332 1349 3385 aliis

297 3419 428 3473 lautiores
446 3421 492 3483 (ut
508 3416 561 3467 sibi
578 3416 716 3482 videntur)
733 3416 971 3478 serui-atrienses,
995 3417 1043 3468 sed
1059 3427 1149 3469 tomen
1167 3435 1251 3487 aeque
1268 3419 1349 3481 servi,

297 3523 330 3555 ac
348 3514 396 3559 tu:
415 3505 455 3555 sio
469 3502 534 3572 puri
549 3502 674 3555 stultitia
691 3512 756 3557 sunt
775 3532 820 3558 -.
863 3503 906 3557 Ad
925 3503 1084 3559 huncenirn
1107 3505 1217 3560 modum
1237 3504 1348 3576 intelligi

298 3592 388 3647 debet:
407 3590 642 3660 Quemadmodum
661 3588 727 3659 licet¹
740 3589 807 3643 servi
825 3590 952 3645 atrienses
977 3590 1034 3645 aliis
1058 3592 1107 3645 sibi
1132 3591 1270 3645 rideantur
1289 3591 1349 3644 lau·

297 3680 390 3745 tiores,
409 3697 494 3751 aeque
515 3690 603 3747 tamen
621 3689 684 3735 sunt
700 3678 766 3732 servi
785 3697 817 3732 ac
836 3690 879 3733 tu:
905 3677 998 3746 sicii,
1027 3698 1094 3750 quos
1116 3679 1207 3747 sigua,
1233 3677 1347 3744 tabulae,

297 3766 429 3866 signatum
449 3775 607 3835 argentum,
630 3763 768 3851 Corinthia
786 3782 884 3835 opera,
904 3764 1024 3821 aedificia
1043 3764 1185 3835 magnifica
1203 3765 1345 3831 delectant,

299 3853 357 3925 pari
375 3863 438 3906 sunt
455 3852 572 3907 stultitia.
575 3856 592 3882 “

293 3984 300 3995 .
368 3940 489 3996 Franc.
514 3938 671 4010 Sylviuss
702 3942 756 4005 „In
782 3958 881 4009 magna
901 3941 1017 4010 familia
1039 3940 1198 4007 stultorum]
1224 3939 1347 3995 Fortasse

296 4047 448 4093 serrorum,
466 4046 521 4083 non
542 4027 689 4079 stultarum
712 4027 868 4098 legendum.
903 4029 971 4083 Nam
991 4025 1126 4083 Oscorum
1153 4025 1244 4096 lingua
1255 4028 1348 4097 sumet

295 4135 385 4171 sersus
403 4114 516 4178 dicitur,
545 4113 617 4169 unde
641 4114 740 4169 familia
766 4126 856 4173 vocata
873 4126 924 4169 est:
955 4126 985 4171 ut
1010 4125 1104 4177 auctor
1129 4125 1168 4181 est
1184 4112 1245 4181 Sei.
1264 4113 1347 4169 Pom·

299 4204 396 4272 ιιιιιιιιῚΙΙΔ
409 4201 529 4270 quamvis
548 4199 618 4255 idem
638 4198 727 4267 paullo
746 4212 807 4255 ante
826 4202 936 4270 scribat,
955 4202 1097 4273 sastilium
1114 4213 1190 4261 antea
1202 4192 1238 4267 Jin
1257 4201 1350 4257 liberis
