3059 4925
474 435 669 485 rauluoxou
689 436 711 482 1.
751 435 822 485 cir.
840 437 874 486 ιι.
902 439 949 485 ιιι.
1185 410 1236 485 29

185 604 381 670 virtutibus?
434 602 546 681 Quid‘t
586 621 606 669 a
631 603 739 700 Numa
764 603 953 690 Pompilio?⁴
985 605 1136 668 minusne
1158 621 1235 684 gra·

187 745 236 804 tas
270 739 332 803 alls
366 739 606 805 immortalibus
648 739 824 822 capedinos
861 758 902 804 ac
940 740 1055 803 fictiles
1089 739 1236 804 bimulus

187 876 305 952 luisse,
342 891 442 954 quam
484 870 622 939 filica'tas
661 837 807 939 aliorum
840 878 972 956 pateras
1016 872 1235 938 arbitramur?

187 1010 311 1076 Omitto
347 1010 509 1090 reliquos:
553 1014 628 1074 sunt
670 1011 758 1074 enim
797 1026 914 1073 omnes
946 1026 1043 1092 pares
1073 1009 1160 1073 inter
1191 1024 1238 1086 se,
1320 1004 1322 1006 ’

188 1145 317 1225 praeter
343 1141 538 1225 Superbum
590 1145 727 1210 Brutum
753 1146 782 1209 si
809 1146 866 1226 qui
892 1148 1004 1226 roget,
1032 1131 1110 1225 auid
1136 1144 1239 1225 egerit

187 1278 222 1341 in
253 1277 361 1358 patria
394 1278 583 1345 liberanda:
621 1283 651 1346 si
686 1278 759 1365 quis
794 1282 873 1346 item
906 1281 1052 1362 reliquos
1092 1280 1237 1344 eiusdem

188 1407 317 1479 consilii
349 1416 476 1494 socios,
515 1418 594 1499 quid
635 1420 872 1501 spectaverint,
906 1419 984 1501 quid
1018 1420 1121 1483 secuti
1157 1421 1238 1483 sint:

188 1564 266 1613 num
293 1549 366 1630 quis
392 1552 544 1630 exsistet,
572 1555 626 1619 cui
652 1557 823 1637 voluptas,
849 1556 903 1619 our
930 1543 1080 1633 aivitiae,
1106 1556 1159 1619 oui
1178 1555 1238 1618 as·
1315 1516 1321 1610 Ῐ

187 1686 304 1766 nique,
340 1691 472 1768 practer
502 1687 650 1753 officium
682 1689 776 1754 sortis
815 1693 847 1754 et
883 1690 994 1770 magni
1026 1689 1107 1767 viri,
1145 1689 1238 1768 orric·

188 1838 288 1904 mam
313 1822 403 1886 aliud
424 1826 632 1906 propositum
658 1826 759 1890 fuisse
782 1825 954 1891 videatur?
1001 1824 1095 1903 Quae
1122 1842 1176 1888 res
1196 1823 1239 1887 ad

188 1977 302 2023 necem
329 1960 498 2026 Porsenae
532 1959 568 2028 C.
602 1963 750 2028 Mucium
784 1961 930 2043 impulit,
971 1960 1042 2023 sine
1076 1959 1146 2022 ulla
1180 1975 1239 2039 spe

187 2096 300 2160 salutis
325 2098 429 2160 suae?
482 2094 577 2174 Quae
605 2097 655 2163 vis
683 2096 844 2162 Coclitem
882 2099 998 2159 contra
1033 2110 1149 2158 omnes
1174 2094 1238 2156 ho·
1326 2063 1328 2068 Ι

188 2231 286 2294 stium
319 2232 433 2313 copias
468 2233 570 2297 tenuit
609 2233 644 2296 in
677 2235 779 2314 ponto
810 2232 943 2294 solum?
989 2245 1075 2311 quae
1112 2234 1239 2311 patrem

188 2364 342 2445 Decium,
369 2384 454 2447 quae
480 2354 587 2431 fllium'
610 2367 796 2444 devotavit,
829 2368 927 2447 atque
953 2365 1087 2427 immisit
1123 2365 1157 2427 in
1184 2380 1239 2427 ar·
1266 2387 1268 2390 ·

188 2507 293 2567 maias
319 2504 463 2568 bostium
490 2504 628 2584 copiast
680 2501 771 2581 Quid
798 2501 1000 2566 continentia
1028 2498 1062 2566 C.
1087 2500 1239 2577 Fabricii,
1333 2540 1335 2543 -

188 2639 267 2720 quid
293 2640 433 2703 tenuitas
458 2641 562 2704 victus
585 2629 628 2705 Μ’
656 2639 746 2705 Curii
764 2636 991 2720 sequebatur?
1051 2634 1139 2714 Quid
1171 2635 1238 2700 duo

187 2776 435 2856 propugnacula
471 2777 550 2840 belli
571 2776 715 2854 Punici,
750 2774 808 2841 Gn.
843 2782 876 2839 et
905 2776 941 2839 P.
968 2772 1157 2857 Scipiones,
1183 2775 1239 2853 qul

189 2914 511 2996 Karthaginiensium
538 2916 716 2983 adventum
751 2915 947 2995 corporibus
987 2915 1055 2978 suis
1079 2914 1239 2979 interclu-

188 3055 332 3119 dendum
355 3052 572 3136 putaverunt?
608 3053 688 3136 quid
712 3053 886 3117 Africanus
907 3055 1015 3135 major
1023 3042 1043 3117 ‘l‘
1077 3052 1156 3135 quid
1177 3054 1241 3116 mi-

189 3193 276 3256 nor‘l
303 3191 382 3272 quid
405 3192 501 3255 inter
516 3191 637 3253 horum
651 3190 775 3251 aetates
789 3189 978 3251 interiectus
995 3186 1101 3251 Cato?
1128 3184 1239 3262 Quid?
1303 3259 1305 3263 ‚

189 3327 444 3391 innumerabiles
474 3326 531 3391 alli
558 3319 646 3417 (nam
674 3324 862 3390 domesticis
895 3322 1054 3403 exemplis
1091 3320 1239 3385 abunda·

190 3456 273 3549 mus)
297 3461 519 3540 cogitassene,
549 3461 724 3542 quicquam
758 3461 794 3524 in
823 3460 892 3525 vita
915 3459 978 3522 sibi
1009 3457 1239 3540 expetendum,

171 3588 253 3659 'nisi
285 3595 376 3676 quod
408 3596 576 3661 laudabile
608 3598 693 3660 esset
726 3599 758 3659 et
796 3596 1022 3678 praeclarum,
1065 3593 1239 3659 udenturt

191 3728 330 3794 Veniant
354 3731 453 3811 igitur
470 3732 525 3795 isti
549 3730 701 3797 irrisores
725 3732 823 3798 buius
858 3731 1018 3799 orationis
1043 3748 1083 3794 ac
1108 3735 1290 3806 senten-111,

193 3861 275 3941 tiae,
301 3865 334 3928 et
358 3864 427 3932 iam
449 3866 502 3930 vel
528 3865 591 3947 ipsi
615 3865 772 3946 iudicent,
798 3872 967 3933 utrum-se
994 3868 1116 3933 borum
1135 3870 1240 3933 alicu-

191 4000 258 4080 ius,
280 4002 336 4082 qui
362 4002 557 4066 marmoreis
581 4002 693 4081 tectis,
728 4004 831 4067 ebore
863 4007 896 4067 ot
924 4019 1007 4068 auro
1032 4002 1240 4085 fulgentibus,

191 4138 247 4217 qui
273 4138 394 4219 signis,
421 4137 478 4218 qui
499 4138 635 4218 tabulis,
674 4142 731 4222 qui
756 4140 885 4209 caelato
921 4156 1004 4204 auro
1034 4142 1068 4203 et
1092 4136 1240 4213 argento,
