3059 4925
570 434 668 507 20
1212 420 1569 507 PARAnoxA
1609 458 2008 507 s‘rolconnm.

574 623 625 672 2.
664 620 715 673 3.
749 621 798 672 4.
837 621 891 671 5.
963 617 1180 671 Sum-iu.
1218 618 1411 672 Duisb.
1445 617 1583 669 Edd.
1621 616 1745 672 Asc.
1789 619 1949 671 1511.
1993 616 2123 670 Ven.
2148 620 2305 672 1514.
2377 618 2690 689 Arg.1515.

575 705 873 779 eademque
909 705 967 758 in
1006 705 1143 758 Edd.
1181 707 1318 759 Ven.
1354 707 1513 758 1494.
1566 703 1776 757 calamo
1824 703 2187 775 superscripta
2248 715 2395 767 sunt,
2446 705 2503 757 in
2554 723 2689 757 con-

575 794 723 848 textis
756 792 918 846 habet
956 792 1054 845 Ed.
1092 793 1259 845 Paris.
1296 813 1337 845 s.
1376 811 1421 845 a.
1495 793 1557 844 ln
1600 790 1718 845 Crz.
1756 796 1806 844 2.
1860 792 2121 864 scriptum
2160 802 2237 845 est
2290 811 2545 863 eosque
2594 793 2689 843 lo—

579 896 694 933 cos
731 879 922 949 scripsi
957 879 1241 944 libentius,
1295 880 1353 933 in
1390 878 1506 932 Cn.
1542 881 1618 942 8„
1648 878 1927 932 liberius.
2021 879 2205 949 Pergit
2251 876 2388 932 Cod.
2436 878 2597 933 Drsd.
2632 883 2682 934 1.

577 986 714 1039 quae
741 967 1047 1035 paradoxa,
1079 966 1242 1027 Drsd.
1265 971 1316 1020 5.
1359 983 1498 1039 quae
1536 966 1736 1018 doxa.
1770 994 1841 1005 -
1880 963 2017 1019 Cod.
2055 964 2197 1019 Gud.
2234 964 2301 1019 A.
2338 966 2549 1019 inverso
2592 986 2685 1020 or-

577 1056 702 1108 dine
738 1052 897 1107 babet
932 1052 1186 1106 libentius
1219 1055 1430 1124 scripsi.
1501 1054 1614 1107 Pro
1654 1053 1951 1123 appellant,
1985 1053 2213 1125 exceptis
2238 1053 2463 1119 duobus,
2503 1072 2690 1107 omnes

577 1142 808 1196 Manutii
845 1141 1044 1195 habent
1080 1158 1218 1212 quae
1255 1142 1771 1211 appellantur,
1819 1140 2061 1211 itemque
2098 1140 2241 1193 Gud.
2282 1140 2344 1192 B.
2379 1139 2509 1193 Oxx.
2548 1140 2587 1193 1.
2622 1138 2688 1192 Ν.

580 1228 645 1281 U.
680 1226 798 1281 Crz.
833 1232 883 1282 1.
924 1228 1137 1281 Suerin.
1174 1227 1393 1298 Erlang.
1450 1228 1535 1295 (in
1572 1245 1684 1297 quo
1718 1226 1986 1280 antecedit
2033 1246 2142 1297 qua
2180 1227 2311 1278 mihi
2360 1227 2473 1278 ista
2515 1246 2688 1295 para-

574 1316 740 1380 doxa,
778 1314 974 1370 omisso
1011 1317 1176 1386 quae)
1214 1315 1352 1367 Edd.
1392 1312 1538 1368 Crat.
1552 1314 1738 1385 Magn.
1773 1314 1982 1368 Manut.
2008 1313 2196 1368 Lamb.
2221 1313 2359 1366 Hub.
2390 1324 2442 1368 et
2476 1325 2687 1368 nostrae

578 1412 703 1454 ante
740 1400 897 1455 Grut.
947 1412 1149 1454 veteres
1186 1420 1406 1466 omnes,
1460 1402 1693 1472 exceptis
1747 1400 1916 1455 Paris.
1953 1419 1994 1455 s.
2033 1421 2082 1455 a.
2117 1412 2171 1455 et
2223 1402 2478 1455 Daventr.
2528 1406 2687 1457 1515.

583 1487 684 1542 Ox.
718 1509 769 1558 η.
807 1487 965 1542 habet
1002 1488 1296 1558 appellent,
1343 1487 1442 1542 Ox.
1478 1506 1542 1552 ψ.
1580 1489 1776 1544 omittit
1808 1490 1969 1543 verba
2023 1508 2161 1561 quae
2209 1490 2510 1560 appellant..
2593 1488 2687 1541 ln-

579 1574 762 1647 tellige
799 1575 982 1628 Stoici.
1054 1574 1177 1628 Mr.

718 1662 1019 1729 Socratica]
1058 1647 1133 1715 Ita
1177 1662 1233 1715 in
1272 1659 1534 1716 Academ.
1565 1667 1619 1717 4.
1654 1682 1773 1735 cap.
1796 1668 1882 1719 44.
1948 1668 2090 1717 Sunt
2116 1665 2394 1718 Socratica
2428 1663 2686 1735 pleraque

582 1748 925 1801 admirabilia
990 1750 1311 1816 Stoicorum,
1372 1770 1510 1822 quae
1547 1752 1824 1822 παράδοξα
1868 1753 2234 1804 nominantur.
2322 1749 2577 1803 Exierunt
2627 1769 2686 1803 ex

581 1836 758 1892 schola
795 1835 1062 1903 Socratis,
1100 1838 1192 1908 qui
1227 1838 1282 1890 in
1323 1839 1484 1891 rebus
1520 1840 1774 1892 omnibus
1828 1858 1940 1891 non
1992 1838 2135 1909 vulgi
2183 1837 2531 1907 opinionem,
2591 1837 2685 1889 sed

581 1923 854 1977 veritatem
893 1935 946 1978 et
979 1922 1310 1978 honestatem
1349 1927 1730 1996 sequebantur.
1768 1925 1813 1976 F
1826 1943 1854 1977 a
1874 1944 1963 1979 cc.
2037 1924 2222 1993 „Quid
2256 1923 2345 1977 alii
2386 1921 2685 1993 philosophi

582 2011 649 2065 de
689 2011 966 2083 paradoxis
996 2010 1284 2074 senserint,
1341 2010 1584 2064 docuisse
1621 2010 1860 2081 Lipsium
1898 2010 2215 2064 Manuduct.
2257 2010 2324 2064 ad
2362 2008 2529 2063 Stoic.
2566 2007 2683 2080 phi-

583 2098 679 2151 los.
712 2100 808 2150 ΙΙΙ.
847 2098 1050 2149 dissert.
1090 2098 1182 2148 2.“
1254 2094 1493 2159 Graes.

731 2184 1003 2235 Videntur
1035 2201 1146 2234 esse
1181 2184 1510 2251 Socratica‚]
1555 2184 1685 2251 „i.e.
1728 2185 2028 2257 popularia,
2066 2187 2192 2258 qu'ia
2229 2185 2495 2252 Socrates,
2533 2187 2689 2257 quic·

585 2270 714 2344 quid
749 2269 963 2349 docuit,
999 2269 1333 2341 populariter
1369 2270 1572 2325 docuit.
1638 2273 1795 2327 Hanc
1833 2275 1903 2328 ob
1942 2293 2189 2342 causam,
2227 2275 2299 2327 ait
2335 2272 2561 2336 Cicero,
2618 2290 2684 2323 eo

583 2356 854 2412 lubentius
889 2356 1021 2411 haec
1055 2356 1364 2412 Stoicorum
1411 2359 1679 2430 paradoxa
1716 2362 2045 2434 conscripsi,
2098 2372 2151 2415 et
2204 2362 2329 2433 quia
2380 2360 2686 2415 Socraticae

584 2446 780 2501 rationi
817 2445 1025 2500 deditus
1061 2466 1211 2514 sum,
1275 2456 1328 2500 et
1365 2447 1489 2519 quia
1528 2445 1779 2504 Socrates
1816 2450 2094 2504 eadem-et
2129 2450 2309 2504 statuit
2354 2460 2407 2502 et
2454 2446 2687 2519 popula-

583 2534 715 2589 riter
751 2535 1024 2600 tractavit,
1074 2545 1133 2588 ut
1168 2554 1232 2587 eo
1270 2534 1480 2589 facilius
1515 2535 1645 2589 mihi
1683 2537 1749 2592 sit
1794 2538 1982 2591 eadem
2035 2538 2161 2592 item
2220 2535 2553 2609 populariter
2598 2535 2688 2585 in-

585 2623 920 2693 terpretari.“
992 2622 1203 2692 Wytt.

724 2711 974 2781 Accipies
1008 2713 1182 2780 igitur
1216 2713 1316 2764 hoc
1345 2731 1579 2782 parvum
1616 2716 1978 2783 opusculum‚]
2029 2716 2099 2781 „i.
2135 2735 2181 2768 e.
2234 2714 2389 2767 velim
2439 2712 2683 2782 accipias,

585 2817 698 2853 non
736 2798 1040 2870 repudies.“
1091 2799 1307 2870 Wytt.
1379 2801 1631 2874 Excerpsi
1655 2801 1805 2855 hanc
1824 2801 2229 2873 Wyttenbachii
2263 2799 2684 2864 annotationem,

586 2885 710 2957 quia
745 2885 804 2937 in
843 2883 979 2939 Cod.
1018 2897 1200 2939 nostro
1239 2885 1356 2940 Crz.
1393 2890 1444 2942 3.
1479 2900 1557 2943 est
1591 2891 1853 2959 accipias,
1915 2890 2059 2961 quod
2110 2889 2335 2941 debetur
2372 2887 2684 2951 correctori,

586 2974 692 3026 vim
729 2972 897 3027 futuri
931 2992 1043 3026 non
1074 2973 1449 3045 intelligentis,
1477 2977 1559 3030 vel
1590 2978 1887 3048 interpreti.
1960 2976 2108 3030 Idem
2147 2994 2272 3029 cum
2309 2973 2455 3028 Gud.
2492 2971 2555 3026 C.
2589 2972 2686 3026 ha-

587 3062 677 3113 bet
703 3079 829 3131 ergo
866 3079 967 3130 pro
1003 3060 1194 3132 igitur.
1288 3060 1583 3135 Utriusque
1620 3065 1763 3120 vocis
1799 3065 2120 3136 compendia
2156 3061 2412 3116 similiora
2442 3071 2566 3116 sunt
2600 3060 2686 3114 in·-

585 3159 668 3202 ter
702 3165 788 3213 se,
843 3164 1004 3217 quam
1029 3147 1299 3202 .voeabula
1336 3149 1470 3220 ipsa.
1554 3152 1727 3206 Habet
1759 3152 1907 3205 idem
1949 3151 2108 3205 Drsd.
2147 3155 2200 3206 5.
2270 3150 2334 3202 ln
2365 3147 2485 3202 Crz.
2519 3151 2569 3201 1.
2610 3158 2688 3201 est

583 3257 681 3308 go,
720 3234 866 3307 quod
903 3235 1077 3306 ipsum
1117 3247 1193 3289 est
1229 3238 1613 3308 compendium
1653 3241 1795 3294 vocis
1828 3259 1971 3311 ergo.
2044 3239 2107 3292 In
2146 3236 2266 3291 Cra.
2300 3242 2353 3290 2.
2390 3236 2534 3289 deest
2568 3235 2684 3287 Ιιοο.

588 3323 724 3376 Cod.
761 3323 923 3376 Bern.
959 3322 1117 3378 habet
1151 3325 1469 3394 opusculum
1520 3346 1769 3396 parvum.
1856 3327 2027 3381 Codd.
2066 3324 2185 3379 Cn.
2221 3326 2272 3378 1.
2332 3334 2385 3376 et
2436 3321 2597 3375 Drsd.
2632 3325 2685 3375 5.

576 3411 694 3485 ¹lug
712 3409 1002 3472 ubratum5
1043 3411 1218 3482 pergit
1253 3410 1397 3465 Gud.
1424 3412 1491 3468 A.
1529 3414 1639 3466 iam
1669 3416 1781 3467 Itis.
1851 3411 1986 3467 cod.
2015 3411 2215 3481 ιΩιιίώ.
2249 3410 2336 3463 his
2373 3410 2483 3461 iam
2518 3417 2688 3460 contr.

585 3506 726 3561 noct,
780 3496 1145 3551 lucubratum.
1232 3497 1377 3552 Gud.
1416 3499 1480 3554 A.
1533 3501 2043 3563 contractionibus,-
2099 3498 2201 3552 Ox.
2230 3515 2292 3561 ψ.
2342 3494 2685 3556 lucubravi5

587 3585 724 3639 cod.
761 3584 882 3640 Crz.
916 3588 969 3640 3.
1008 3586 1113 3639 hiis
1139 3606 1242 3658 pro
1276 3589 1381 3644 his.
1451 3589 1573 3644 Mr.

724 3678 850 3726 Jam
888 3674 1333 3728 contractioribus
1364 3677 1663 3746 noctibust]
1703 3678 1966 3746 „Aestivis
1999 3674 2295 3731 videlicet.“
2328 3671 2511 3743 Xyst.
2544 3668 2686 3723 Bet.

586 3759 662 3823 „i-
699 3778 747 3813 e.
780 3759 860 3814 his
884 3761 1129 3815 noctibus
1149 3761 1256 3814 iam
1280 3762 1642 3833 brevioribus,
1680 3785 1862 3825 mense
1886 3764 2084 3819 Martio
2110 3761 2187 3816 vel
2213 3758 2445 3831 Aprili.“
2479 3758 2555 3808 W
2570 3777 2602 3826 y
2618 3766 2688 3809 tt.

731 3852 995 3916 majorum
1033 3849 1364 3921 uigiliarum]
1425 3852 1795 3916 „Tusculanas
1843 3852 2213 3925 quaestiones,
2276 3846 2442 3901 libros
2478 3842 2543 3898 de
2592 3841 2635 3892 F
2638 3841 2687 3894 i-

589 3934 748 3987 nibus
783 3945 834 3986 et
871 3934 937 3988 de
971 3935 1172 3990 Natura
1211 3937 1792 4012 Deoruminteliigit.“
1864 3941 2058 3994 Face.

728 4022 1001 4073 Maior-um
1039 4023 1349 4095 vigiliarum
1394 4031 1615 4097 munus]
1668 4029 2064 4098 „Quaestiones
2108 4019 2438 4077 Tusculanas
2489 4015 2688 4071 intelli-

589 4107 714 4175 git.''
743 4107 788 4160 F
802 4126 891 4162 rc.
927 4107 1109 4180 Syiv.
1198 4110 1363 4178 Quod
1416 4114 1757 4170 Faccioiatus
1812 4115 2052 4188 scripsit,
2102 4111 2162 4164 in
2198 4129 2263 4163 eo
2300 4106 2542 4179 sequitur
2592 4104 2690 4156 Al-

589 4191 714 4247 dum
750 4193 1056 4250 Manutium
1098 4207 1147 4250 et
1195 4198 1571 4258 A'udomarum
1607 4202 1884 4258 Talaeum.
1972 4197 2313 4273 Borgersius:
2379 4190 2689 4263 „Intelligin
