3059 4925
292 443 343 514 94
626 469 799 516 rimport
827 470 1020 520 erorconuu.
1082 535 1087 541 ι

291 624 396 679 nullum
414 626 504 679 locum
522 624 615 693 habet,
635 627 751 681 secunda
771 638 797 679 et
813 627 912 680 trabere
926 640 1026 699 potent,
1053 642 1081 703 et
1106 632 1134 683 in
1154 631 1244 686 multis
1268 633 1343 686 inre·

292 715 366 768 nitur
383 714 534 779 codicibus,
553 733 609 767 non
628 727 716 768 tamen
736 715 881 768 necessaria
900 726 948 769 est
966 717 1063 772 Face.

361 812 404 854 tot
421 802 555 854 uirtutum
570 803 715 871 praesidio]
735 802 782 866 „ln
801 801 876 855 rullo
894 800 994 858 Codice
1013 817 1099 861 vetere
1124 808 1245 858 runicus
1263 826 1342 880 repe-

290 891 366 943 ritur.
405 890 552 957 [Vidimus,
578 889 732 960 complures
756 910 787 942 er
807 890 904 943 nostris
921 890 1019 945 hebere
1037 912 1096 946 eam
1115 893 1255 965 glossrme]
1275 896 1341 966 quin

290 980 369 1033 etiam
387 989 505 1048 coeptus,
522 978 597 1051 quod
616 978 706 1049 paullo
724 989 784 1049 post
800 980 929 1049 sequitur,
948 981 1022 1034 abest
1037 1000 1052 1033 a
1066 981 1228 1053 plerisque.“
1247 981 1341 1034 Lam-

289 1067 358 1120 bin.
379 1093 414 1105 -
459 1064 547 1131 „Cum
572 1065 616 1119 hie
637 1066 745 1136 quidam
770 1065 832 1118 libri
850 1077 957 1135 ceptus,
975 1068 1019 1121 elii
1038 1072 1174 1133 munitus,
1198 1070 1243 1123 alii
1268 1069 1340 1123 eliud

191 1153 198 1158 ’
290 1154 432 1220 haberent,
450 1164 478 1208 et
495 1153 523 1205 in
539 1153 644 1207 duobus
663 1154 922 1208 vetustumisnihit
940 1154 1036 1208 horum
1052 1156 1200 1228 legeretur,
1228 1158 1340 1211 iudicari

289 1245 328 1296 sic
348 1260 403 1295 esse
423 1241 543 1295 locutum
563 1240 738 1309 Ciceronem,
756 1254 787 1296 ut
805 1242 944 1313 superiore
961 1242 1044 1297 libro:
1071 1262 1235 1315 quamquem
1253 1246 1340 1308 miror,

288 1332 339 1382 itta
356 1328 482 1397 superbio
498 1339 526 1379 et
544 1329 750 1398 importunitate
768 1333 793 1383 si
810 1347 971 1401 quemquam
988 1330 1086 1382 dobere
1102 1332 1203 1399 potuit.
1249 1330 1284 1384 Et
1311 1331 1339 1383 in

289 1417 325 1472 ΙΙ.
338 1415 453 1488 Philipp.
473 1416 515 1468 lrr's
533 1417 621 1488 igitur
638 1418 798 1469 maioribus:
817 1418 864 1471 ubi
882 1417 962 1488 uulgo
980 1419 1034 1469 orti
1051 1417 1170 1470 additum
1189 1428 1228 1471 eet
1246 1429 1339 1471 eontra

289 1516 389 1557 veteres
406 1503 538 1557 codices.“
555 1506 586 1557 C.
605 1504 767 1577 [sangine.
804 1506 895 1574 Quem
914 1505 1079 1577 superiorem
1097 1506 1197 1559 librum
1214 1505 1339 1577 appellet,

289 1604 327 1646 est
344 1591 460 1658 Laelius,
479 1592 525 1644 ubi
545 1611 613 1663 quae
631 1593 735 1661 laudat,
755 1594 882 1666 leguntur
899 1612 923 1647 c.
942 1596 987 1659 15,
1005 1597 1051 1649 to,
1069 1624 1103 1635 -
1147 1593 1248 1659 „Recte
1265 1592 1339 1646 Gru-

289 1693 360 1732 terus
381 1677 427 1730 has
445 1698 521 1732 voces
540 1680 675 1742 (munitur
691 1693 717 1736 et
735 1682 849 1735 uirtutis
867 1687 972 1750 septus)
991 1681 1086 1735 delerit
1103 1682 1130 1733 in
1149 1681 1338 1748 editionem,

288 1786 339 1821 nec
357 1767 560 1838 conspiciuntur
577 1768 605 1820 in
624 1768 801 1822 Pithoeono.⁴‘
820 1768 942 1821 Graer.
960 1795 995 1807 -
1041 1770 1112 1821 Vere
1137 1780 1229 1822 monet
1245 1767 1339 1838 Borg,

288 1874 405 1909 errorem
431 1854 607 1926 repetendum
633 1854 714 1907 videri
739 1874 769 1909 ex
794 1854 855 1907 loco
882 1854 976 1907 Parad.
995 1855 1041 1917 lV,
1055 1858 1080 1908 t.
1101 1874 1168 1925 pre„
1202 1856 1339 1922 Sapientis

287 1946 394 1996 onimue
406 1971 437 1984 -·
453 1941 602 1994 uirtutibus
614 1942 725 2012 denique
739 1940 867 2002 omnibus,
886 1950 918 1990 ut
928 1939 1070 1997 meotribue,
1088 1951 1188 2008 septue.
1225 1938 1338 1992 Ablatiri

288 2041 350 2086 eunt
367 2029 496 2093 absoluti,
522 2044 669 2097 quoscum
690 2044 745 2078 non
765 2024 944 2095 intelligerent
964 2027 1137 2098 interpretes,
1161 2027 1270 2081 vocibus
1292 2047 1339 2080 su-

287 2116 456 2190 pervacaneis
473 2122 603 2167 auxerunt
622 2110 794 2167 Ciceronem.
829 2112 889 2166 Mr.

358 2223 418 2254 eum
436 2221 532 2270 corpur
550 2199 609 2254 eius
627 2212 832 2270 caperetur,
850 2203 931 2270 copi
950 2202 996 2268 -]
1044 2202 1109 2267 „Sic
1135 2221 1229 2256 omnes
1257 2203 1336 2256 metu

288 2292 359 2346 Ald.
377 2290 503 2342 Menut.
522 2316 557 2328 -
592 2288 654 2342 Frc.
673 2287 794 2359 Sylvius,
815 2289 863 2360 qui
881 2289 987 2360 legebat
1002 2301 1171 2359 carperetur,
1195 2292 1284 2359 corpis
1302 2290 1336 2342 ad

287 2381 312 2434 b.
326 2380 342 2433 l.
360 2378 426 2432 haec
444 2377 589 2432 annotavit:
609 2376 644 2442 ‚,i.
660 2395 685 2430 c.
699 2377 866 2430 cruciaretur
884 2388 910 2429 et
927 2376 1104 2431 laceraretur:
1122 2378 1167 2430 scd
1181 2377 1268 2430 addit.-
1284 2375 1336 2441 „ln

287 2470 354 2523 Cod.
373 2469 483 2540 antiquo
502 2465 572 2518 male
588 2466 668 2519 etiem
687 2466 816 2537 scriptum
834 2478 891 2519 non
911 2478 963 2521 est:
982 2486 1046 2517 cumr
1059 2485 1155 2535 corpus
1178 2467 1235 2517 ciue
1257 2483 1336 2534 cape-

288 2566 377 2620 retur,
405 2557 467 2624 capi
484 2565 555 2605 certe
578 2554 634 2623 ipre
656 2572 710 2605 non
730 2558 849 2622 potuit.“
893 2554 968 2607 ldem
994 2555 1028 2607 ad
1055 2553 1253 2608 antecedentia:
1279 2552 1336 2619 „Ex

287 2658 363 2695 more
381 2642 534 2696 Stoicorum
554 2641 689 2711 loquitur,
717 2642 764 2712 qui
784 2642 892 2695 virtutes
917 2643 1074 2696 coniunctas
1100 2642 1170 2693 inter
1187 2640 1336 2706 sedicunt,

289 2743 330 2797 et,
357 2741 389 2783 ut
406 2730 442 2782 ite
460 2728 547 2781 dicam
566 2738 767 2793 concatenatas,
792 2741 822 2783 ut
840 2728 941 2783 nullam
959 2729 1100 2800 quisquam
1129 2727 1227 2779 habere
1246 2725 1336 2796 possit,

288 2816 353 2889 q'uin
373 2817 468 2870 hebeat
484 2815 627 2887 reliquos.“
668 2814 841 2871 Eriuimabat
864 2817 949 2883 idem,
978 2835 1040 2870 cum
1072 2814 1172 2884 legeret
1198 2830 1261 2865 cum
1280 2811 1339 2865 eliis

287 2907 418 2957 comitatu
437 2903 549 2955 virtutis
565 2914 675 2972 septus,
693 2904 850 2977 vidissetque
868 2922 960 2957 rocem
979 2903 1108 2965 uirtutis,
1126 2900 1217 2955 aboeee
1233 2918 1249 2952 a
1266 2897 1336 2953 sad.

287 2992 413 3063 antiquo,
432 3008 490 3042 eam
508 3006 730 3061 supervacaneam
748 3010 819 3044 esset
839 3010 890 3045 nec
906 3010 969 3044 vero
988 2990 1066 3056 vidit,
1084 2987 1150 3042 illud
1168 2998 1262 3067 reptue
1280 3006 1336 3041 non

288 3079 450 3131 minus'esre
467 3076 678 3147 reprobandum.
695 3106 730 3116 --
767 3077 817 3144 „ln
836 3077 972 3149 plerisque
989 3075 1074 3131 Codd.
1100 3076 1197 3148 legitur
1224 3094 1335 3144 corpe-

288 3176 378 3220 retur,
396 3164 490 3233 carpi
495 3185 503 3216 s
522 3164 549 3216 id
569 3166 641 3236 quod
660 3166 760 3220 lactum
778 3167 894 3237 putarim
913 3166 947 3219 ab
965 3164 1087 3236 ineptulo
1105 3163 1209 3235 alique,
1237 3163 1284 3234 qui
1301 3163 1335 3215 ad

286 3253 374 3306 solum
393 3253 555 3325 supplicium
574 3254 729 3324 respexerit:
750 3253 812 3306 ideo
830 3253 957 3318 sortasse,
987 3252 1060 3324 quod
1085 3270 1166 3322 supra
1191 3249 1295 3320 legisset
1320 3269 1336 3302 a

285 3340 383 3393 Poenls
401 3339 496 3411 Reguli
514 3359 570 3393 non
589 3342 702 3394 cruciari
721 3341 976 3411 magnanimitatem.
1023 3339 1060 3392 At
1091 3337 1188 3392 sciolus
1215 3338 1263 3390 iste
1280 3354 1336 3388 non

286 3426 421 3492 intellexit,
436 3425 620 3480 Ciceronema
636 3428 857 3498 praecedentibus
875 3427 1065 3498 argumentari.
1102 3423 1337 3491 Animaninquit,

287 3512 382 3585 Reguli
411 3532 467 3566 non
496 3514 547 3567 luit
575 3526 684 3586 coptus,
702 3514 843 3568 'cruciatus
867 3532 932 3585 ergo
963 3532 1017 3565 non
1036 3512 1095 3565 suit.
1140 3511 1176 3563 Ar
1200 3527 1248 3562 cur
1280 3526 1337 3561 nou

286 3601 400 3673 coptus?
435 3599 524 3668 Quia,
542 3602 647 3673 inquit,
671 3613 712 3656 tot
730 3613 786 3655 erat
803 3602 930 3655 virtutum
947 3599 1078 3672 praesidio
1097 3597 1228 3659 munitur,
1247 3605 1337 3649 tanto-

288 3708 341 3760 que
359 3690 486 3743 oomitetu
506 3689 608 3743 virtutis
627 3701 726 3760 septus.
769 3691 869 3742 Rursus
894 3688 1011 3742 hicnon
1030 3687 1094 3740 vidit
1112 3686 1202 3738 locum
1220 3679 1272 3734 tut
1289 3684 1337 3733 τοῦ

287 3774 428 3833 ἀδυνάτου.
466 3776 602 3830 Germana
618 3777 700 3847 igitur
718 3777 798 3831 lectio
817 3787 855 3830 est
873 3786 1029 3845 caperetur,
1048 3774 1110 3842 capi
1127 3801 1177 3837 -,
1196 3770 1272 3823 ouius
1286 3766 1336 3821 ed·

288 3863 341 3918 lruc
365 3875 446 3917 exstat
473 3864 502 3915 in
533 3882 595 3916 meo
624 3864 741 3935 quodam
771 3862 944 3917 vetustissimo
970 3860 1113 3932 exemplari
1145 3853 1336 3912 testimonium.

286 3950 427 4003 Praeterea
447 3949 522 4003 locus
539 3950 583 4005 hic
600 3971 630 4003 ex
651 3952 740 4022 primo
764 3950 928 4015 Officiorum
956 3951 1011 4017 [13,
1029 3949 1085 4014 39.]
1113 3962 1175 3999 corn
1194 3953 1223 3995 ut
1239 3959 1337 4012 sequa-

288 4055 366 4101 mur,
384 4055 434 4087 nos
452 4035 531 4089 etiem
550 4038 675 4110 impellit:
704 4041 800 4111 Atque
825 4039 908 4091 etiam
924 4038 949 4089 si
966 4036 1033 4108 quid
1049 4033 1151 4105 singuli
1174 4027 1336 4099 temporibus

289 4124 403 4175 adducti
421 4124 493 4175 lroetr‘
515 4127 704 4192 promiserint,
734 4136 777 4178 est
803 4125 833 4176 in
858 4143 889 4176 eo
912 4124 970 4192 r‘pso
981 4122 1054 4193 fider
1078 4116 1276 4173 conseruando:
1303 4124 1337 4165 ut

285 4211 372 4280 primo
389 4209 493 4264 Punico
512 4210 578 4264 betto
597 4212 719 4283 Regulus
737 4222 834 4290 coptus
853 4229 872 4261 o
891 4211 986 4263 Poenis
1004 4229 1064 4262 cum
1082 4209 1113 4258 ‹te
1133 4203 1248 4275 captivis
1266 4219 1337 4253 com—
