3059 4925
274 472 348 547 292
586 491 759 539 rsnluoxt
789 488 984 537 sroreouuu.

276 670 313 711 est
332 651 542 709 conditionibus,
571 650 643 721 quod
671 649 735 702 ferri
767 668 843 719 posse
874 646 1038 702 existimabat
1064 643 1167 697 Gcrub.
1223 643 1279 697 sed
1306 645 1334 697 in

177 799 181 808 ,
276 745 336 799 Cre.
352 748 377 796 l.
408 751 560 795 correctum
579 749 617 792 est
636 728 735 789 cuibus.
783 734 890 806 Reliqui
920 733 1018 789 babent
1042 731 1209 788 coitionibus.
1252 732 1331 787 Hanc

276 850 364 885 reram
383 830 526 883 lectionem
545 845 600 879 esee
618 825 671 880 iam
691 823 755 876 vidit
781 822 813 878 ll.
832 822 936 886 walt,
963 821 1063 893 quiite
1082 820 1115 873 arl
1134 818 1159 872 b.
1181 818 1210 872 l.:
1246 808 1341 881 ‚‚con-'

276 918 394 971 sionibus
420 918 510 987 inepte
537 913 643 984 legitur.
693 910 827 962 coitiones
855 908 956 979 alioqui
983 907 1193 978 conspirationes
1215 918 1279 959 suot
1306 917 1333 960 et

204 989 212 1012 ¹
276 1004 413 1058 laeuones.
432 1031 467 1042 -
513 1001 583 1054 l’uto
601 999 645 1052 bic
663 996 807 1068 significari
826 996 1012 1058 conventicula
1036 994 1258 1059 candidatorum,
1284 996 1331 1067 qui

278 1103 303 1144 et
321 1090 384 1160 ipsi,
403 1099 433 1142 ut
451 1097 638 1142 accusatorum
656 1095 682 1138 et
700 1083 820 1138 iudicum
838 1101 941 1153 greges,
961 1082 1050 1136 Crassi
1068 1083 1179 1136 domum
1198 1083 1329 1154 frequen·

277 1176 374 1243 tarint,
393 1195 447 1247 quo
465 1174 570 1229 facilius
589 1172 757 1244 magistratus
776 1170 956 1225 obtinerent.“
993 1170 1052 1223 ΜΓ.

348 1283 511 1349 dimissiones
539 1295 705 1362 libertorum]
735 1294 824 1346 Verba
852 1293 1015 1345 dimissiones
1034 1320 1068 1331 -
1086 1293 1240 1361 provincias
1258 1294 1330 1346 exci-

278 1386 375 1438 derunt
392 1384 420 1436 in
439 1381 507 1436 cod.
523 1381 603 1436 Drsd.
614 1385 642 1436 4.
678 1381 720 1433 Ad
742 1402 764 1433 v.
783 1380 910 1432 coitiones
930 1390 1021 1433 monet
1038 1378 1130 1452 Borg.,
1149 1379 1218 1434 banc
1236 1399 1328 1433 vocem

277 1491 339 1525 cum
359 1470 439 1523 verbo
464 1470 575 1522 coeundi
600 1488 705 1540 semper
730 1467 790 1521 lere
817 1467 901 1538 accipi
927 1467 964 1518 im
993 1467 1090 1520 malam
1119 1480 1239 1538 partem:
1267 1467 1328 1521 coll.

277 1556 383 1635 Graec·
393 1556 426 1609 ad
445 1554 494 1611 Or.
510 1575 559 1627 pro
579 1556 684 1609 Cluent.
703 1558 746 1608 52.
768 1552 854 1606 Gron.
874 1564 900 1606 ct
917 1552 1001 1606 Dral.
1019 1555 1053 1608 ad
1071 1555 1125 1607 Lir.
1139 1555 1186 1620 tv,
1206 1558 1249 1610 13.
1284 1553 1328 1607 Si·

277 1644 333 1697 mili
353 1653 481 1715 potestate
500 1653 645 1695 conventus
665 1643 717 1696 dici
736 1642 807 1713 apud
827 1640 891 1694 Sall.
911 1640 940 1693 Β.
968 1639 1025 1695 Cat.
1041 1645 1083 1697 tt.
1102 1672 1135 1681 -
1171 1642 1226 1695 Pro
1249 1640 1328 1693 Iiber-

278 1742 365 1783 torum
385 1728 452 1782 cod.
473 1728 549 1782 Suer.
568 1730 647 1788 babet
666 1730 848 1783 liberatorum.
885 1727 944 1780 ΜΓ.

348 1870 397 1922 Ad
402 1870 583 1940 fenerandos]
602 1871 664 1935 „Sic
676 1873 739 1925 duo.
769 1873 811 1925 td
824 1873 1031 1944 defimenda,
1046 1875 1157 1944 septem.
1183 1874 1234 1927 Au
1246 1872 1327 1940 deffe-

277 1959 383 2020 renuas,
400 1957 462 2009 duo.
487 1958 536 2010 Ad
547 1959 711 2030 deferendos
724 1958 855 2025 deletum,
874 1971 901 2013 et
917 1959 978 2012 add.
990 1960 1029 2010 od
1039 1960 1230 2030 defendendae,
1246 1976 1325 2012 unus.

277 2048 325 2101 Ad
337 2045 544 2109 devenerandae,
563 2065 640 2098 unus
672 2046 720 2098 Ad
731 2046 906 2115 deserendos,
925 2056 985 2099 tres.
1013 2046 1062 2099 Art
1071 2046 1247 2114 defferendae,
1261 2045 1325 2097 duo.

276 2131 494 2204 Addrferendos,
504 2136 601 2185 unus.“
621 2132 693 2185 ΑΜ.
709 2132 795 2185 Man.
822 2131 1106 2204 Eetdefenerenrlaein
1118 2132 1183 2186 On.
1191 2131 1290 2186 E.1.U.
1298 2152 1324 2198 n.

277 2221 335 2274 Bas.
353 2219 447 2274 Duisb.
464 2219 523 2272 Cre.
542 2222 568 2271 2.
588 2218 667 2274 Drsd.
682 2222 706 2272 1.
725 2223 751 2273 3.
770 2218 839 2272 Ede.
855 2219 948 2280 Lamb.
968 2219 1051 2272 Sullr.
1069 2219 1141 2273 Pctr.
1157 2219 1226 2272 Hub.
1246 2217 1325 2275 Grut.

276 2309 335 2380 (qui
363 2308 428 2361 baec
451 2306 599 2359 annotavit:
625 2306 725 2373 „Liber
748 2307 862 2377 scriptus
886 2305 1014 2360 Gulielmi
1040 2307 1216 2378 deferendas,
1251 2306 1324 2358 unde

277 2395 332 2466 ipse
358 2394 468 2465 putabat
491 2393 637 2466 aliquando
664 2394 809 2466 legendum
832 2392 1038 2462 diffitendos“)
1060 2394 1161 2448 ¹Colon.
1185 2394 1217 2447 ll.
1236 2392 1323 2446 wott.

276 2482 363 2538 Gron.
381 2481 478 2537 Graev.
497 2483 576 2537 Face.
596 2481 683 2546 Olir.;
701 2482 730 2535 in
748 2480 807 2535 Crx.
828 2484 852 2534 1.
870 2486 899 2545 (a
910 2486 935 2535 1.
952 2481 1003 2551 m.)
1021 2483 1210 2553 defendendos,
1229 2482 1324 2552 (supra

276 2570 323 2623 lin.
337 2569 521 2640 fenerandos,
539 2588 602 2623 cum
620 2569 705 2640 glossa
721 2569 760 2623 od
777 2575 901 2636 usuram)
920 2571 1039 2642 itemque
1054 2568 1127 2624 Gur.
1138 2570 1186 2632 A.;
1204 2570 1233 2621 in
1251 2567 1325 2622 Gud.

276 2654 308 2709 B.
321 2657 467 2728 ferendos,
486 2658 514 2710 in
534 2657 585 2712 Ox.
596 2656 628 2710 N.
647 2656 959 2728 defenandorque,
976 2657 1005 2709 in
1023 2655 1324 2718 Oxx.o.etur.l)rsd.5.

276 2742 354 2798 Suer.
372 2743 423 2799 Ed.
442 2762 500 2813 pro.
518 2744 693 2815 deferendos,
719 2743 1076 2797 numentanorum.
1120 2742 1225 2812 Reliqui
1250 2742 1326 2794 exbi-

276 2816 355 2895 bent,
371 2841 398 2884 et
415 2831 506 2902 scripti
525 2842 552 2885 et
568 2831 648 2898 editi,
661 2832 831 2902 fennendor
850 2851 873 2883 r.
886 2830 1090 2903 foenerandum
1109 2829 1142 2883 (le
1160 2828 1237 2884 cuius
1249 2828 1325 2883 verbi

274 2918 418 2989 scriptione
437 2919 487 2971 rid.
504 2917 568 2971 Aldi
584 2918 697 2973 Manutii
716 2917 846 2990 Ortbogr.
867 2938 893 2990 p.
910 2920 955 2973 tt.
975 2916 1081 2971 cellarii
1105 2915 1184 2971 Orth.
1202 2908 1258 2970 [at.
1282 2916 1325 2970 ed.

196 3047 199 3054 .
276 3002 376 3057 llarlee.
402 3022 429 3073 p.
449 3007 501 3059 235
520 3025 559 3076 sq.
584 3004 618 3058 G.
637 3006 667 3058 F.
693 3005 851 3060 Grotelenrl.
882 3004 1004 3061 Gramm.
1029 3005 1086 3060 Lat.
1110 3005 1143 3058 T.
1161 3006 1193 3059 ll.
1217 3004 1243 3076 ᾖ.
1263 3007 1326 3063 132.

276 3112 303 3163 p.
321 3094 374 3145 166
392 3109 431 3162 sq.
450 3090 481 3142 M
488 3111 510 3145 r.
530 3121 563 3133 -
601 3094 751 3160 „Pecuniae
769 3095 797 3147 in
817 3092 960 3163 provinciis
976 3092 1065 3151 fenori
1086 3092 1225 3159 locandas,
1251 3091 1325 3164 quod

276 3179 389 3233 maxime
406 3179 530 3232 usitatum
551 3178 687 3251 equitibus
705 3180 770 3245 luit,
799 3191 825 3233 et
849 3180 1000 3250 provinciae
1023 3178 1147 3235 exhausit
1189 3178 1323 3250 Defoene·

274 3266 376 3318 rondes
401 3275 495 3319 natum
522 3267 625 3319 ridetur
651 3286 666 3320 e
690 3268 804 3323 lectione
829 3266 879 3322 Ed.
903 3265 1001 3321 Colou.
1027 3268 1091 3335 [nec
1115 3286 1178 3321 rere
1205 3267 1323 3333 nostrae]

274 3351 450 3421 deferendos,
476 3354 605 3424 quoniam
631 3355 800 3423 defoeneron'
816 3374 831 3407 a
849 3354 1025 3426 scriptoribus
1048 3354 1230 3409 ecclesiasticis
1246 3372 1325 3407 usur·

275 3450 361 3509 patur.
399 3440 459 3492 Vid.
479 3439 598 3493 Gronov.
617 3439 695 3497 Obss.
721 3442 749 3495 in
774 3441 833 3494 Sor.
853 3441 925 3496 Eccl.
946 3462 971 3512 p.
985 3444 1029 3496 tu.
1070 3440 1108 3494 Ut
1125 3440 1177 3496 boc
1187 3438 1324 3510 negotium

274 3540 331 3580 erat
355 3516 491 3600 equitem,
524 3528 561 3582 ita
585 3529 782 3600 redemptorum
810 3541 867 3582 erat
894 3541 921 3582 et
945 3529 1151 3592 conductorum,
1179 3527 1322 3600 pecuniam

275 3633 403 3684 quaerere
430 3617 515 3685 operis
541 3616 653 3681 dandis,
677 3619 694 3672 i.
721 3638 743 3672 e.
768 3617 902 3682 locandis,
931 3616 1031 3672 scilicet
1055 3615 1089 3669 ad
1118 3613 1323 3679 aedificationes,

273 3703 349 3755 cuius
368 3704 405 3755 rei
424 3703 507 3761 multa
532 3705 633 3759 mentio
658 3709 729 3778 apud
755 3709 930 3772 Ciceronem,
958 3705 988 3757 in
1016 3702 1110 3775 primic
1133 3702 1162 3754 in
1188 3700 1321 3763 verrinis:

269 3786 475 3857 publicanorum
493 3791 611 3864 denique
627 3803 685 3847 erat
698 3793 809 3863 publico
826 3811 929 3847 sumere
947 3793 965 3845 i.
986 3810 1009 3845 e.
1028 3790 1175 3852 redimere,
1193 3799 1222 3842 ut
1240 3789 1322 3841 recti·

272 3872 370 3944 galia.“
387 3874 464 3930 Ern.
501 3880 757 3949 „Defoeneronrlos‚
787 3882 804 3934 i.
823 3899 846 3935 e.
873 3881 986 3935 foenore
1010 3877 1203 3951 opprimendos
1224 3888 1251 3931 et
1268 3875 1322 3929 ixi-

272 3959 332 4030 quis
359 3964 444 4016 usuris
469 3967 627 4021 onerandas.
669 3967 812 4022 Praetores
830 3980 856 4022 et
873 3966 1047 4040 proconsules
1063 3966 1185 4037 plerique
1209 3963 1272 4016 luxu
1296 3975 1324 4017 et

271 4048 415 4116 rapacitate
433 4069 479 4103 sua
499 4054 649 4121 provincias
668 4054 872 4121 exhauriebant,
898 4074 968 4127 quae
986 4054 1115 4109 deindea
1133 4050 1262 4107 Romanis
1278 4050 1322 4103 lo-

269 4135 420 4204 cupletibue
443 4140 585 4210 pecuniam
612 4142 725 4195 foenore
749 4143 917 4212 accipiebant
947 4162 1034 4214 eoque
1062 4138 1254 4197 intolerabil'c“
1291 4138 1323 4192 H.

266 4221 372 4276 Wott.
416 4225 458 4279 Ad
477 4244 534 4279 rem
552 4227 642 4282 laudat
664 4226 840 4284 Gernbardue
857 4232 914 4286 Cic.
944 4231 971 4283 in
992 4231 1069 4284 Vere.
1089 4232 1121 4294 ll,
1139 4232 1182 4281 tu.
1201 4237 1227 4279 et
1247 4244 1322 4296 seqq.
