3059 4925
612 441 833 503 nmouutuu.¹
1195 436 1239 505 ll

197 612 326 684 Sequitur
344 612 372 664 in
391 610 476 664 Cndd.
494 610 560 666 On.
578 613 608 667 E.
626 613 661 666 U.
678 612 943 684 interrogationibus,
963 613 991 666 iu
1010 613 1069 666 Cra.
1088 616 1113 666 l.
1130 614 1245 665 interro·

196 701 396 770 gaciunculisr
426 711 482 753 tum
500 711 532 752 et
552 702 632 772 quasi
648 700 676 753 in
695 698 780 753 Codd.
800 698 864 753 Car.
879 700 973 771 steph.
990 700 1070 754 Drsd.
1089 706 1114 753 2.
1132 700 1182 751 Ed.
1201 720 1244 769 ap.

199 787 310 839 Meusel.
333 787 401 840 Vict.
423 786 507 839 suttr.
532 788 604 841 Petri
630 791 687 859 (apt
707 787 771 854 Or.)
800 787 895 840 Pariss.
917 788 1185 840 venustata-18.
1212 786 1244 837 ll.

198 874 302 937 walt,
327 873 376 927 Ed.
396 895 418 927 s.
437 874 454 927 l.
482 887 509 927 et
531 895 555 928 a.
578 876 675 946 lldlbg.
699 875 782 928 Paris.
808 879 886 929 tant.
910 874 995 946 Lugd.
1013 878 1091 929 tata.
1119 875 1245 928 Darentr.

181 1021 184 1026 ¹
200 965 278 1015 1⁵15.
296 960 375 1014 Grut.
390 960 478 1015 Gron.
496 964 577 1016 Verb.
591 993 625 1006 -
643 964 725 1017 Recte
744 963 841 1019 Graes.
857 962 1032 1016 omittendam
1051 981 1105 1015 esse
1120 961 1246 1033 copidam

199 1048 277 1112 disit3
296 1049 365 1119 ipsas
382 1049 456 1100 enim
474 1051 747 1122 interrogatiunculas
761 1061 865 1121 puncta
884 1050 947 1116 dici,
966 1050 990 1102 b.
1004 1069 1028 1103 e.
1041 1061 1120 1103 acuta
1139 1061 1165 1103 et
1184 1051 1247 1104 bre·

198 1138 237 1188 via
257 1136 335 1190 dicta.
371 1137 431 1189 Vid.
451 1157 515 1191 ann.
532 1138 610 1193 Face.
628 1151 654 1193 et
671 1140 736 1192 Ern.
767 1138 829 1191 Mr.

267 1225 553 1296 Interrogatiunculii]
581 1227 638 1283 Hac
664 1247 729 1280 voce
754 1226 887 1298 significat
911 1225 1157 1296 argumentationes
1178 1226 1244 1279 Dia-

198 1309 370 1377 lecticorum,
388 1329 459 1383 quae
476 1312 577 1368 fiebant
595 1315 798 1386 interrogando.
833 1314 928 1367 Face.

269 1400 555 1470 Interrogatiunculis]
573 1401 615 1454 Ad
636 1421 692 1454 rem
712 1413 737 1455 et
755 1401 790 1455 ad
809 1402 889 1456 rerba
903 1401 1005 1458 Gernb.
1023 1402 1113 1455 laudm
1125 1402 1157 1455 de
1168 1402 1247 1454 Finn.

198 1487 243 1551 tV,
263 1490 288 1550 3,
306 1491 336 1540 Ἰε
361 1492 502 1560 Purrgunt,
519 1490 601 1561 quasi
619 1488 727 1551 aculeis,
745 1490 1016 1561 interrogatiunculis
1034 1490 1169 1561 angustis,
1185 1491 1247 1558 qui-

198 1573 250 1625 bus
265 1574 348 1626 etiam
372 1577 419 1647 qui
445 1577 647 1640 assentiuntur,
672 1577 742 1628 seibil
767 1587 967 1629 commutantur
990 1578 1092 1639 auimo,
1115 1586 1143 1628 et
1167 1576 1247 1628 iidem

199 1662 313 1726 abeunt,
330 1662 379 1733 qui
396 1673 543 1718 venerant:
568 1682 611 1715 res
628 1663 697 1715 enirn
709 1664 835 1734 sortasse
853 1683 944 1728 verae,
970 1674 1041 1716 certe
1056 1681 1169 1734 graves,
1194 1682 1247 1715 non

197 1748 240 1799 ita
257 1758 431 1813 tractentur,
448 1759 481 1801 ut
499 1750 607 1815 debent,
623 1751 673 1803 sed
691 1751 835 1821 aliquanto
853 1750 992 1802 minutius.
1027 1748 1132 1803 Acadd.
1150 1748 1182 1814 ll,
1201 1752 1246 1814 3⁵,

198 1838 264 1889 tta:
289 1837 439 1888 &umorum
455 1838 591 1898 ’dustreta5
619 1837 654 1892 de
676 1838 757 1891 Finn.
774 1841 821 1905 ΙΙΙ,
840 1841 866 1904 1,
885 1842 915 1892 3:
940 1836 1077 1907 spinosum
1101 1836 1247 1888 disserendi

196 1942 297 1992 genus,
323 1926 371 1990 lV,
390 1929 434 1990 28,
452 1929 503 1979 is:
522 1925 668 1978 disserendi
684 1928 786 1996 spinae.
804 1955 840 1967 -
867 1923 1149 1996 Interrogatiunculas
1166 1924 1245 1977 intel·

198 2010 251 2081 lige
271 2013 525 2082 argumentationes.
567 2012 626 2084 lpse
644 2013 741 2068 Cicero
760 2014 795 2067 de
812 2013 863 2068 Or.
881 2017 901 2080 l,
920 2016 962 2066 111.
983 2011 1138 2065 Stoicorum
1163 2029 1247 2080 argu·

199 2108 289 2151 menta
304 2097 416 2168 loqueos
430 2100 646 2168 disputationum
659 2111 686 2151 et
700 2102 941 2173 interrogationum
954 2098 1079 2170 appellat.
1115 2096 1172 2152 Nec
1183 2117 1246 2152 sero

198 2203 292 2238 omnes
310 2185 465 2240 Stoicorum
485 2188 731 2258 argumentationes
756 2188 1000 2259 interrogationum
1023 2186 1140 2239 sormam
1163 2183 1246 2237 babe-

197 2274 277 2336 bant,
296 2273 396 2327 multae
413 2274 640 2346 syllogismorum.
676 2274 738 2327 Mr.
1171 2283 1172 2288 ’

268 2364 306 2411 Et
328 2363 408 2433 quasi
429 2363 549 2431 punctis]
574 2362 626 2416 Alii
654 2362 752 2416 tollunt
776 2358 936 2431 particulam
961 2370 998 2414 et.
1036 2360 1140 2413 Puncta
1161 2378 1245 2429 porro

199 2447 262 2502 dicit
280 2448 373 2503 eadem
392 2449 504 2518 ratione,
523 2470 577 2523 qua
596 2450 659 2504 dixit
672 2451 700 2503 in
718 2449 763 2502 lib.
773 2451 801 2504 4.
812 2448 845 2502 de
859 2448 918 2501 Fin.
934 2467 992 2519 cap.
1001 2450 1026 2502 i.
1045 2448 1077 2514 (Ι.
1089 2446 1130 2514 1.).
1146 2447 1168 2500 F
1174 2466 1245 2502 acc.

267 2537 396 2589 Minutas
412 2538 690 2608 interrogatiunculae
712 2549 775 2591 sunt
799 2535 996 2607 enthymemata
1016 2546 1043 2590 et
1059 2534 1159 2588 similes
1176 2552 1246 2605 quae

198 2623 391 2694 interrogando
418 2623 487 2677 siunt
515 2624 702 2680 conclusiones
730 2636 758 2678 et
783 2623 1037 2695 argumentationes.
1063 2623 1111 2677 bas
1140 2623 1247 2694 punctis

199 2720 346 2781 comparat,
373 2711 425 2764 sive
446 2713 482 2765 ob
502 2711 672 2778 bresitatem,
690 2714 747 2766 sire
768 2713 830 2784 quia
849 2713 938 2767 acrius
953 2723 1080 2784 pungunt
1097 2731 1116 2765 s.
1138 2724 1246 2766 movent

198 2797 319 2850 animum
338 2799 476 2852 audientis.
506 2810 534 2851 et
553 2801 638 2855 abluit
654 2800 715 2855 Ms.
735 2802 855 2868 Pitboei,
877 2800 1026 2870 delevitque
1043 2798 1181 2853 Graevius.
1197 2800 1245 2852 ab·

199 2894 238 2937 est
262 2885 341 2938 etiam
367 2886 410 2939 ed.
428 2885 526 2941 Goion.
545 2887 654 2941 Medici.
671 2887 734 2941 Ald.
752 2890 856 2942 Victor.
872 2899 922 2941 etc.
940 2887 1003 2940 item
1022 2885 1081 2940 MS.
1097 2886 1244 2957 Duisburg.

199 2972 262 3042 quia
273 2983 300 3023 et
312 2973 416 3027 formae
428 2971 606 3029 Ciceronisin
620 2976 672 3031 lioc
688 2995 788 3048 genere
806 2995 862 3029 nnn
881 2976 1022 3039 consentit,
1040 2973 1151 3027 deleri.“
1169 2973 1246 3026 Ern.

269 3064 309 3111 Et
331 3062 410 3131 quasi
429 3064 560 3132 gaurein]
587 3065 623 3130 „i.
641 3086 665 3118 e.
690 3067 772 3119 rebus
796 3064 962 3118 brevissimis.
1002 3063 1138 3116 Punctum
1162 3061 1245 3128 enim,

199 3146 272 3219 quod
292 3147 370 3200 breve
388 3148 534 3202 admodum
553 3160 606 3217 est,
629 3152 759 3206 dicituro
780 3152 937 3222 pungendo.
953 3178 989 3191 -·
1017 3149 1051 3203 Et
1069 3150 1133 3221 quia
1152 3149 1246 3220 spinae

199 3245 332 3304 pungunt,
351 3236 482 3290 orationis
497 3255 592 3307 genus,
617 3258 673 3311 quo
691 3240 776 3292 Stoici
795 3249 917 3303 utuntur,
938 3236 1036 3291 Cicero
1053 3236 1172 3307 appellat
1188 3237 1245 3304 spi-

198 3339 300 3377 nosum,
318 3332 348 3375 ut
366 3321 436 3377 libro
455 3324 488 3378 de
506 3324 623 3380 Oratore
642 3330 662 3392 l,
680 3330 733 3383 18:
759 3328 812 3378 Sed
827 3327 893 3378 baec
909 3333 971 3376 erat
988 3323 1097 3392 spinosa
1113 3324 1245 3394 quaedam

198 3419 225 3460 et
242 3410 321 3463 exilia
339 3412 437 3465 oratio.
453 3440 489 3453 -
516 3412 598 3467 Libro
617 3413 650 3468 de
667 3402 782 3467 Finibus
799 3416 825 3478 3,
843 3416 873 3466 t:
899 3411 1049 3464 Stoicorum
1066 3427 1119 3461 non
1136 3410 1245 3480 ignoras

199 3515 280 3568 quarn
304 3496 342 3549 sit
365 3497 464 3551 subtile
491 3500 535 3553 vet
556 3503 694 3569 spinosmu
713 3502 808 3572 potius
831 3500 937 3553 dicendi
951 3518 1046 3570 genus·
1080 3496 1181 3551 Eadem
1199 3518 1246 3551 ra·

199 3584 271 3638 tione
290 3583 362 3638 idem
380 3585 450 3640 libro
464 3587 688 3643 Academicorum
705 3594 732 3654 4,
746 3592 792 3643 35.
809 3588 958 3641 Stoicorum
976 3587 1085 3639 denseta
1102 3584 1245 3657 appellnt.“

198 3671 220 3723 F
227 3690 272 3726 rc.
289 3671 381 3742 Sylv.
399 3700 433 3713 -
458 3674 625 3743 „Dialectici
644 3696 762 3748 quorum
781 3695 881 3730 nomen
899 3673 995 3730 Stoicis
1012 3673 1189 3741 tribuebatur,
1207 3686 1245 3745 ut,

199 3753 261 3811 cuis
281 3756 434 3813 dialecticus
453 3759 602 3828 diceretur,
626 3762 734 3818 Stoicus
751 3764 838 3818 audiri
854 3763 965 3818 soleret:
993 3773 1168 3816 veruntamen
1187 3763 1245 3817 dia-

199 3843 301 3912 lectici,
320 3857 350 3900 ut
367 3847 457 3900 dicere
476 3842 659 3916 institueram,
682 3852 769 3906 solent
786 3851 976 3922 interrogando
993 3849 1145 3920 disputare,
1171 3849 1244 3920 quod

198 3952 293 3987 eorum
311 3935 505 4005 disputationes
522 3938 691 3991 sermonibus
716 3950 742 3992 et
765 3939 878 4008 dialogis
902 3937 1000 3990 similes
1019 3937 1088 4003 sint,
1113 3937 1196 4008 idque
1213 3956 1244 3989 ea

198 4022 325 4079 brevitate
343 4022 448 4077 faciunt
464 4036 491 4078 et
510 4022 690 4078 adversarium
707 4027 743 4080 ita
762 4038 905 4097 premunt,
931 4034 1036 4078 utnon
1054 4025 1169 4087 caesim,
1187 4021 1244 4073 ¹sed

197 4115 318 4185 punctim
337 4115 417 4169 ierire
434 4115 582 4169 rideantur.
618 4113 714 4169 Cicero
739 4116 823 4187 igitur
846 4133 909 4169 cum
933 4102 999 4166 dicit
1023 4121 1168 4181 punctum,
1193 4128 1244 4177 pro

197 4212 332 4272 punctura
357 4203 475 4274 accepit,
504 4203 577 4274 quod
595 4203 634 4255 sel
654 4223 683 4258 ei
703 4224 751 4270 eo,
784 4204 857 4274 quod
875 4204 904 4256 in
923 4200 997 4255 libris
1013 4199 1120 4253 Finium
1144 4196 1243 4259 scribit,
