3059 4925
464 476 485 521 1.
540 473 676 521 CODICES
703 474 789 521 usittt
815 473 950 521 mirri.
1170 477 1231 523 xiii

253 638 296 689 12.
333 635 418 686 Codex
435 632 669 684 Suarinensis.
707 630 987 699 Collatioeiusexstat,
1006 633 1101 685 sactaa
1121 633 1233 687 Scbii-

182 723 270 789 lero,
289 720 386 774 Philos.
404 720 522 772 Doctore
540 719 709 786 Suerineosi,
730 720 757 771 in
776 718 845 771 libro
865 730 1015 785 menstruo,
1044 722 1090 791 qui
1109 721 1233 774 inscribi·

184 822 240 863 tur:
260 812 335 861 Neue
358 806 469 861 Jatrtb.
490 807 518 876 s.
545 807 647 860 Philol.
674 828 701 858 u.
727 807 906 878 Poedagogii.
947 810 1119 878 Heruusgeg.
1146 830 1172 863 o.
1198 808 1234 861 G.

181 878 354 961 sessore,
375 892 540 959 iotam,
560 894 629 946 aa.
650 892 762 947 mot..
782 894 827 946 nr.
844 893 940 966 suppa.
959 892 1009 948 ua.
1030 896 1232 963 samaeas.)

182 1005 207 1055 p.
226 986 390 1037 aso—tor.
426 980 580 1052 Descriptio
599 980 708 1035 Codicis
724 1000 780 1034 non
799 982 874 1035 inest.
911 981 1005 1054 Neque
1022 993 1135 1037 aetatem
1154 985 1230 1036 nori·

180 1088 248 1135 mus,
265 1088 354 1141 neque
374 1069 520 1132 materiam,
540 1068 583 1122 cui
601 1068 745 1140 inscriptus
761 1082 808 1135 est,
826 1088 914 1141 neque
933 1070 1049 1123 iormam
1062 1071 1127 1124 eius.
1166 1070 1231 1124 Col-

180 1158 249 1212 iatus
265 1168 304 1211 est
321 1173 382 1210 cnm
408 1155 458 1207 Ed.
477 1154 624 1212 Orelliana.
671 1156 860 1228 inscriptiones
886 1156 1085 1211 Paradoxorum
1112 1158 1232 1212 Graecae

181 1246 290 1299 desunt:
307 1242 377 1297 tertii
395 1242 489 1308 etiam,
507 1254 537 1296 ut
553 1243 581 1295 io
600 1242 704 1310 multis,
723 1243 831 1309 Latina,
851 1245 927 1297 cuius
943 1244 1004 1299 ioco
1023 1244 1115 1298 litteris
1133 1244 1234 1298 maius·

181 1331 247 1386 culis
264 1331 390 1402 leguntur
407 1330 503 1401 scripta
522 1328 588 1382 baec
605 1329 688 1400 ipsius
705 1342 843 1385 contextus
860 1332 952 1385 rerba:
971 1336 1065 1384 Parva
1082 1335 1172 1405 inquit
1189 1345 1231 1386 est

180 1429 330 1490 cermagna
349 1417 444 1487 culpa,
464 1416 570 1481 mutila,
589 1417 664 1470 utin
684 1417 814 1489 piurimis.
851 1419 937 1473 Habet
947 1418 1036 1472 codex
1056 1420 1141 1473 multa
1160 1433 1231 1476 rete-

179 1506 216 1559 ris
233 1504 399 1577 scriptionis,
417 1504 462 1557 sed
475 1493 562 1557 'muita
583 1503 661 1557 ctiam
679 1504 848 1575 ignorantiae
872 1507 1009 1578 scriptoris
1027 1508 1066 1561 vel
1091 1508 1231 1579 negligen-

180 1592 231 1645 tiae
249 1591 370 1662 vestigia:
395 1602 555 1657 esttamen,
587 1591 632 1644 ubi
657 1591 684 1644 in
712 1591 778 1646 loeis
802 1594 889 1648 dubiis
914 1598 1049 1667 conspiret
1077 1615 1139 1651 cum
1157 1598 1231 1651 libris

180 1679 342 1732 melioribus.

251 1769 294 1821 13.
331 1767 416 1818 Codex
434 1764 728 1835 Duisburgensr's.
771 1766 952 1821 Universitatis
976 1769 1123 1823 litterarum
1148 1772 1231 1825 Duis·

179 1855 320 1924 burgensis
337 1853 450 1908 Codices
467 1852 575 1906 Latinos
600 1852 737 1925 descripsit
762 1854 794 1907 Η.
813 1855 844 1907 Α.
865 1854 1069 1924 Grimmius,
1100 1858 1150 1912 Tb.
1171 1861 1230 1925 Do,

178 1941 357 1996 Bibliothecae
375 1941 541 1994 academicae
559 1942 717 2012 praefectus.
755 1940 844 1995 Codex
865 1943 922 2008 iile,
950 1944 996 2016 qui
1015 1945 1229 2016 quattuordecim

178 2030 314 2081 variorum
333 2028 494 2099 scriptorum
514 2027 597 2080 libros
614 2030 748 2095 continet,
770 2028 963 2085 Ciceronianus
979 2032 1058 2087 babet
1076 2053 1127 2100 sex,
1148 2035 1176 2086 in
1190 2034 1230 2087 bis

177 2116 331 2182 Paradoaa,
349 2114 508 2169 Orationem
527 2113 719 2183 Milonianam,
744 2117 880 2184 Laelium,
905 2117 1088 2187 Catilinarias,
1120 2122 1230 2175 invecti-

177 2220 237 2254 vam
257 2202 285 2255 in
303 2201 458 2256 Sallustium
476 2201 635 2274 (spuriam);
661 2202 694 2257 de
713 2203 833 2271 Oiiiciis,
859 2205 892 2258 de
911 2204 1067 2273 Senectute,
1095 2208 1228 2261 Tuscula-

178 2310 235 2344 nas.
270 2289 318 2344 Est
335 2288 450 2344 Collatia
474 2290 503 2343 io
527 2289 614 2357 libro,
639 2291 684 2363 qui
709 2292 876 2346 inscribitur:
906 2292 924 2348 i.
942 2293 975 2346 ll.
990 2294 1136 2347 Withof
1155 2299 1229 2351 Krit.

177 2378 386 2450 ,Anmerkungen
403 2378 445 2431 ab.
465 2382 559 2430 Horaz
579 2398 606 2432 u.
624 2379 723 2430 cudere
741 2384 828 2433 Roem.
846 2382 1055 2452 Schriftsteller·
1074 2383 1117 2437 ill.
1134 2383 1228 2438 Stiiclr.

177 2466 358 2535 (Diisseldori.
376 2470 455 2522 1192.
475 2466 515 2537 Β.)
535 2486 560 2536 p.
581 2471 742 2522 too—¹172.
790 2469 890 2524 Scribit
908 2469 1119 2538 Grimmius,
1145 2473 1228 2525 Codi-

178 2572 238 2608 cem
255 2573 314 2608 esse
327 2555 579 2620 membranaceum,
599 2555 617 2608 i.
636 2574 687 2621 m.,
700 2556 810 2622 seculi,
830 2558 850 2610 si
870 2577 924 2610 oon
943 2559 1012 2611 tertii
1031 2558 1137 2625 decimi,
1156 2571 1228 2613 certe

179 2641 268 2714 quarti
286 2641 382 2696 decimi
407 2643 537 2709 ineuntis;
565 2644 649 2715 pictas
676 2663 739 2698 eum
756 2643 855 2698 babere
873 2646 972 2700 litteras
988 2647 1115 2713 initiales,
1144 2667 1228 2719 quum

178 2728 314 2783 caeruleas
337 2741 394 2784 tum
426 2731 537 2784 rubras:
568 2732 682 2802 primam
708 2731 839 2804 cuiusque
870 2733 930 2786 iibri
957 2722 1107 2789 inauratam
1140 2736 1228 2789 etiam.

178 2815 291 2870 Summa
310 2835 371 2870 cnm
391 2817 525 2888 diligentia
544 2818 664 2872 codicem
683 2839 738 2872 esse
756 2820 895 2891 scriptum:
924 2840 978 2875 esse
996 2824 1024 2875 in
1043 2823 1165 2894 margine
1182 2844 1229 2876 ea·

153 2974 156 2981 ¹
178 2905 241 2958 dem
269 2924 350 2959 manu
377 2906 488 2978 scriptas
515 2907 715 2973 annotationes,
751 2926 848 2979 easque
876 2910 990 2980 prodere
1008 2905 1101 2962 sirum
1128 2910 1228 2967 multae

157 2992 312 3060 ¹lectionis,
331 2994 380 3047 nisi
398 2993 468 3048 iorte
487 3012 539 3047 una
560 3013 622 3048 cum
641 2995 778 3066 scriptoris
801 2996 883 3066 ipsius
901 2995 975 3049 libris
1001 2996 1148 3068 descriptae
1168 2996 1228 3049 iue-

178 3080 235 3133 rint
254 3097 284 3133 ex
302 3081 393 3135 codice
412 3081 565 3136 vetustiores
584 3081 705 3137 Graecae
723 3082 832 3154 linguae
850 3100 910 3137 etam
929 3085 1008 3143 fuisse
1026 3085 1106 3155 piane
1117 3085 1228 3155 imperi·

176 3180 251 3220 tum:
267 3165 384 3222 Graecas
400 3168 586 3242 inscriptiones
603 3171 639 3225 ita
657 3171 799 3224 mendosas
816 3168 879 3237 esse,
900 3183 929 3225 ut
947 3190 1009 3224 eum
1028 3190 1062 3224 ne
1081 3171 1229 3225 litterarum

177 3254 288 3327 quidem
307 3256 472 3310 Graecarum
501 3256 596 3310 ductus
624 3257 746 3328 cognitos
769 3257 888 3310 babuisse
912 3269 1047 3328 appareat.
1092 3256 1181 3309 Semel
1198 3258 1228 3309 in
1260 3308 1272 3312 -

175 3343 270 3414 aliquo
287 3343 415 3399 Lactantii
432 3344 503 3399 libro
522 3344 569 3414 (de
587 3346 661 3397 Vero
685 3343 780 3412 Cultu)
805 3344 969 3415 adscriptum
996 3363 1064 3397 esse:
1089 3345 1164 3410 „Hic
1182 3343 1228 3393 de-

176 3431 242 3482 bent
258 3449 314 3484 esse
341 3432 422 3485 verbo
445 3436 573 3505 graeca.“
615 3433 698 3487 Addit
724 3431 931 3498 Grimmius,
955 3431 1019 3484 varri
1042 3433 1148 3502 generis
1171 3451 1229 3485 esse

174 3512 377 3573 annotationes:
395 3519 493 3573 babere
512 3520 575 3577 alias
593 3521 715 3575 lectionis
733 3521 898 3585 varietatem
917 3519 974 3572 aliis
991 3519 1093 3572 iaadari
1111 3519 1227 3590 scriptu.

174 3625 221 3659 res
237 3606 277 3660 rei
296 3606 369 3661 iocos
385 3607 498 3674 similes,
517 3609 570 3661 sire
589 3608 621 3661 ad
642 3627 684 3661 res
701 3607 753 3660 sire
771 3606 805 3659 ad
823 3625 965 3679 personas;
993 3605 1051 3659 aiiis
1068 3617 1226 3677 argumenta
1328 3638 1332 3645 ·

175 3692 335 3764 significari,
354 3693 394 3747 rol
412 3693 553 3748 bominum
569 3696 703 3749 clarorum
723 3696 833 3749 nomina
852 3695 944 3767 prodi,
974 3694 1032 3747 aliis
1049 3694 1165 3766 denique
1183 3713 1229 3746 ex-

174 3780 271 3852 plicari
290 3782 368 3835 rerba
389 3781 551 3836 difficiliora:
581 3783 724 3837 nonnullas
751 3802 834 3836 manu
857 3784 1006 3837 recentiore
1029 3802 1085 3836 esse
1109 3782 1228 3853 scriptas.

174 3868 223 3922 Est
242 3868 310 3921 iiber
327 3887 382 3928 non
403 3870 628 3937 contemnendus,
658 3889 821 3943 quamquam
841 3889 929 3942 neque
947 3890 976 3923 ex
997 3871 1064 3936 boc,
1092 3889 1179 3941 neque
1196 3887 1225 3921 ex

174 3954 230 4008 alio
248 3974 400 4028 quoquam,
421 3957 503 4029 ipsius
521 3957 659 4011 Ciceronis
676 3977 787 4011 manum
799 3959 944 4011 ¹restituere
963 3957 1069 4028 poteris.
1158 3994 1162 3999 -

249 4047 320 4097 14-
332 4049 375 4098 20.
413 4046 520 4098 Codices
537 4049 753 4099 Oxonienses
771 4057 880 4114 septem.
918 4045 1020 4098 Eorum
1039 4045 1165 4098 lectiones
1181 4060 1227 4093 ex-

173 4130 302 4185 hibentur
319 4133 346 4184 in
367 4130 566 4187 Gernltardi
586 4134 707 4191 Editione
727 4155 752 4206 p.
760 4137 930 4200 275-292,
949 4145 975 4186 et
993 4134 1020 4185 in
1032 4130 1226 4202 Supplemento

173 4217 224 4269 Ed.
256 4216 428 4271 Ernestianae
456 4220 582 4288 minoris,
613 4222 685 4276 Part.
714 4222 866 4291 posterioris
893 4220 982 4273 Voi.l
1015 4218 1110 4286 (Halae
1135 4219 1226 4283 isar.)
1249 4232 1251 4237 ·
