3059 4925
491 464 686 512 rtrtooxou
707 466 758 512 ιιι.
789 466 860 513 ιιι.
883 468 918 514 ιι.
1160 442 1232 516 139
1265 509 1271 516 ,

186 619 336 690 scripserit,
354 631 438 675 ortem
455 622 584 675 nimirum
603 621 743 675 hominnm
754 624 969 678 benevolentiam
983 625 1032 678 sibi
1044 624 1155 697 aliisque
1167 646 1236 680 con-

187 705 294 759 ciliendi
309 706 473 779 intelligens:
491 707 613 782 Xenoph.
629 706 756 781 Sympos.
775 729 798 764 c
811 715 838 776 4,
858 714 892 765 il
911 733 950 784 sq.
969 731 1049 784 qoem
1067 712 1157 767 locum
1177 714 1235 767 lau-

185 793 254 847 davit
270 792 374 850 Gernh.
408 795 468 848 Mt.

252 883 379 934 Socrates
398 882 557 952 disputabat
574 882 628 935 isto
644 884 739 952 niodo]
777 885 842 938 Post
854 890 979 939 Socrates
994 887 1023 940 iu
1043 888 1110 941 Cod.
1123 888 1234 940 Desii.

186 968 377 1039 compendium
394 980 434 1023 est
453 970 490 1021 iro
511 970 555 1040 (ut
571 969 703 1037 videtur),
732 972 804 1042 quod
824 972 914 1025 nescio
932 985 1023 1026 utrum
1042 973 1156 1027 voluerit
1179 974 1235 1042 ipse

186 1076 221 1109 en
240 1075 301 1109 vero
308 1077 318 1117 ‚·
345 1067 403 1110 tum
429 1057 517 1129 pergit
540 1058 551 1107 i
558 1068 595 1109 ta
624 1058 785 1128 disputabat
811 1071 844 1112 et
862 1062 916 1113 isto
934 1062 1029 1122 mod05
1057 1072 1083 1114 et
1101 1062 1139 1115 sic
1155 1061 1235 1113 etiam

185 1142 265 1196 Dmd.
285 1145 326 1208 &3
356 1144 386 1195 in
405 1144 484 1198 Drsd.
503 1149 529 1199 5.
548 1144 600 1215 Os.
619 1163 648 1208 ψ.
675 1156 714 1199 est
730 1145 864 1216 dieputat
887 1148 949 1199 hoc
967 1149 1058 1209 motio,·
1082 1149 1131 1199 lroc
1157 1147 1234 1201 etiam

185 1229 334 1301 significare
351 1231 454 1285 ridetur
471 1233 679 1303 compendium,
707 1234 781 1306 quod
799 1246 837 1288 est
860 1235 890 1288 in
909 1234 981 1289 Gud.
997 1235 1046 1299 A.;
1071 1235 1133 1288 item
1159 1253 1235 1288 oom-

185 1318 314 1390 pendium
331 1320 474 1373 verborum
497 1320 601 1373 videtur
624 1340 680 1374 esse
701 1321 732 1374 in
746 1323 808 1375 on.
825 1325 851 1376 3.
879 1321 925 1377 ubi
951 1334 990 1376 est
1013 1322 1081 1375 isto⁰
1105 1340 1156 1392 pro
1172 1313 1235 1372 ‘isto

185 1407 267 1460 eredo.
289 1406 357 1459 ,Pro
374 1408 477 1474 hercle,
495 1408 568 1480 quod
586 1409 671 1464 edidit
688 1428 752 1465 eum
771 1410 906 1482 plerisque
924 1410 1043 1476 Gernh.‚
1062 1428 1111 1462 nos
1128 1408 1234 1480 plenio-

185 1510 243 1545 rem
262 1495 378 1547 immam
395 1494 504 1546 hercule
518 1495 653 1550 edidimus
669 1516 733 1552 cnm
759 1498 810 1551 Or.
828 1518 857 1551 ex
876 1497 962 1551 Codd.
980 1497 1052 1551 Gud.
1071 1496 1103 1549 B.
1130 1498 1189 1550 Cre.
1208 1500 1233 1549 1.

185 1580 266 1633 Drsd.
284 1586 310 1636 2.
329 1580 396 1634 On.
412 1581 444 1633 E.
462 1581 496 1635 N.
515 1582 565 1636 Ed.
583 1602 642 1654 pre.
659 1587 739 1638 teos.
758 1583 832 1639 Crat.
850 1585 922 1639 Viet.
941 1584 1044 1637 Manui.
1063 1583 1155 1654 Magn.
1163 1582 1234 1636 Hub.

186 1686 216 1719 ex
233 1667 329 1721 nostris
347 1667 520 1721 Eddomnes
537 1669 593 1722 fere
611 1681 673 1723 ante
692 1668 771 1724 Grut.
784 1681 891 1741 excepta
909 1669 970 1724 Asc.
980 1674 1058 1724 1511.
1094 1670 1236 1724 Deforme

114 1795 117 1798 ,
186 1756 305 1809 Hercule
328 1755 379 1810 vid.
404 1756 584 1828 disputantem
605 1758 636 1810 (i.
654 1757 684 1812 1..
712 1755 870 1811 Schneider.
893 1757 971 1812 Auel.
998 1755 1119 1810 Gramm.
1136 1755 1161 1807 d.
1180 1756 1236 1809 Lat.

185 1841 248 1915 Spr.
275 1842 308 1895 ll.
333 1842 486 1913 (Formenl.
505 1842 540 1912 l.)
569 1859 596 1914 p.
621 1848 673 1910 443
712 1843 745 1897 R.
777 1843 864 1898 Klotz.
890 1845 922 1898 ad
949 1843 1006 1898 Cic.
1030 1843 1102 1897 Lael.
1121 1844 1167 1910 ΧΙ,
1191 1846 1235 1898 38.

187 1950 213 2001 p.
231 1934 293 1985 152.
329 1929 388 1985 Mr.
407 1959 440 1972 -
478 1931 611 1999 „Errabat
636 1931 665 1984 in
692 1930 746 1986 hoc
772 1932 951 1997 adversarius,
980 1943 1027 1986 aut
1051 1930 1148 1984 Cicero
1174 1950 1236 1984 eum

185 2021 279 2089 s'ponte
295 2028 430 2071 urentem
450 2017 601 2073 inducebat.
650 2018 795 2091 Nunquam
823 2020 895 2072 enim
918 2017 1042 2072 Socraten
1059 2017 1149 2071 statuit
1172 2036 1236 2089 pec-

186 2118 243 2161 cate
261 2118 287 2161 et
305 2117 378 2161 recte
394 2107 464 2161 lette
484 2125 538 2160 esee
556 2107 686 2179 aequalis.
721 2107 801 2175 Quae
818 2116 981 2179 sequuntur:
1008 2110 1094 2161 Bene,
1121 2104 1236 2169 hercule,

186 2212 283 2247 narras
311 2211 413 2247 rursuo
426 2194 543 2248 oratorie
560 2215 576 2248 a
595 2193 727 2249 Cicerone
743 2195 873 2249 dicuntur
890 2206 917 2248 et
933 2193 1071 2266 sequentia
1099 2192 1231 2263 deinceps,

186 2281 322 2353 usquead
341 2282 419 2334 verbe
440 2280 526 2334 lolem
544 2281 663 2334 libidinis
679 2291 742 2335 sunt
760 2280 928 2336 Ciceronis.“
946 2282 986 2332 W
992 2279 1129 2351 yttenb.

259 2371 331 2420 Nom
345 2370 428 2421 istum
447 2367 553 2420 (loetum
580 2375 612 2421 et.
628 2368 776 2436 opuntem
799 2369 886 2421 virum
909 2369 1013 2439 fuisse]
1041 2367 1160 2434 „Doctis
1172 2367 1235 2420 item

186 2456 298 2525 eruditi,
328 2458 446 2529 itemque
463 2455 606 2511 doctissimi
625 2455 809 2524 eruditissimi,
837 2456 966 2510 dicuntur
983 2454 1141 2527 philosophi.
1189 2454 1235 2508 Sic

187 2563 248 2596 mox
264 2542 360 2598 Perad.
373 2546 407 2597 V.
427 2554 453 2597 et
470 2543 533 2597 alibi
551 2562 637 2617 seepe.
681 2543 778 2598 Cicero
796 2544 868 2597 enim
885 2543 924 2598 sic
941 2543 1017 2596 vertit
1039 2541 1173 2595 Graecum
1192 2563 1235 2603 φι-

186 2628 322 2701 λομαθής,
339 2632 412 2704 quod
432 2631 542 2703 proprie
559 2643 601 2685 est-
614 2631 755 2687 doctrinae
768 2652 876 2698 emens,
890 2643 917 2685 et
933 2632 1090 2695 calopodio,
1107 2640 1235 2702 tanquam

187 2738 285 2792 genus,
314 2720 380 2772 duas
404 2720 524 2772 continet
540 2721 656 2791 species,
680 2723 834 2783 φιλοσοφίαν
851 2731 877 2773 et
894 2721 1058 2785 φιλολογίαν,
1091 2717 1112 2771 i.
1129 2736 1153 2770 e.
1178 2729 1236 2771 stu·

187 2808 260 2861 dium
278 2817 333 2860 tam
350 2806 494 2878 sopientiee
512 2826 594 2880 quam
611 2807 787 2862 litterarums‘
814 2807 990 2878 Wyttenh.
1037 2805 1104 2858 cod.
1131 2803 1188 2858 Cre.
1210 2811 1234 2858 2.

186 2896 300 2947 virum
319 2894 425 2946 oerum
441 2905 470 2946 et
487 2896 634 2964 sapientem
647 2896 754 2966 fuisse,
776 2895 883 2949 Suerin.
902 2905 928 2948 et
945 2893 1017 2947 Gud.
1028 2893 1059 2945 B.
1077 2894 1161 2944 istum
1180 2895 1235 2945 lto-

187 2985 304 3035 minem
323 2983 429 3034 doctum
445 2993 472 3033 et
490 2985 638 3052 sapientem
651 2983 745 3055 fuisse
763 2983 865 3039 virum,
883 2982 964 3036 Dred.
982 2986 1008 3036 5.
1033 2981 1117 3032 istum
1134 2980 1234 3030 leomi-

187 3071 381 3121 nemsloctum
396 3070 535 3140 scireest
553 3071 699 3140 sopmtem
708 3091 719 3132 ,·
737 3070 819 3128 Drsd.
837 3074 864 3124 4.
882 3070 966 3123 istum
984 3078 1119 3121 rectum
1143 3077 1170 3118 et
1188 3085 1237 3120 sc·

185 3158 301 3225 pientem
314 3156 421 3226 foisse,
446 3156 518 3213 Gud.
538 3156 571 3209 Α.
595 3158 681 3209 istum
697 3157 806 3208 doctum
823 3169 850 3208 et
868 3158 1016 3226 eapientem
1035 3157 1160 3226 fuisse
1187 3155 1235 3204 vi-

187 3261 266 3296 rum.
303 3242 385 3310 Quod
403 3243 428 3297 h.
447 3243 465 3296 l.
483 3243 582 3297 dicitur
599 3244 737 3295 memoriae
755 3243 863 3296 trudere
887 3244 949 3296 olibi
975 3243 1072 3296 dicitur
1098 3242 1237 3296 meritoriae

184 3331 310 3399 prodere:
328 3331 375 3384 sed
393 3333 472 3382 trade
491 3330 644 3389 promotior,
657 3329 731 3402 quod
749 3330 848 3403 legitur
864 3329 958 3384 Sumo.
976 3330 1082 3402 Scipi.
1103 3341 1177 3395 estc,
1197 3341 1235 3383 est

188 3421 205 3472 i.
214 3439 241 3490 q.
251 3418 351 3470 menda
368 3419 516 3475 eremorioe.
552 3420 639 3474 Nostri
656 3432 745 3474 autem
764 3419 817 3474 loci
835 3418 929 3472 similis
945 3429 983 3473 est
1001 3417 1078 3473 locus
1094 3417 1235 3472 delerent.

189 3506 220 3572 ll,
240 3510 269 3558 1:
295 3506 375 3557 multi
388 3511 486 3576 poitoe
505 3513 643 3560 menroriae
661 3509 843 3562 tradiderunt.
885 3507 967 3575 Quod
992 3505 1094 3559 Gernh.
1118 3505 1151 3558 ed
1176 3504 1235 3562 Cic.

188 3594 259 3647 Lael.
273 3598 318 3662 11,
338 3597 381 3649 19.
418 3595 521 3666 scripsit
542 3595 666 3649 Ciceroni
690 3596 791 3668 ubique
810 3594 939 3667 placuisse
965 3594 1103 3646 memoriae
1124 3594 1237 3662 prodere

187 3683 257 3752 (non
275 3682 408 3748 irridere),
427 3685 525 3736 merito
540 3703 594 3736 non
615 3684 736 3754 repetivit
753 3695 846 3737 nostro
857 3682 934 3736 loeo.
980 3680 1025 3734 Est
1044 3681 1131 3748 enim,
1155 3700 1236 3753 prie-

187 3780 228 3822 ter
244 3767 337 3822 1οοιιιιι
354 3769 438 3822 modo
455 3768 608 3835 laudatum,
628 3772 708 3826 etiam
728 3791 778 3842 pro
797 3771 874 3825 Rosc.
894 3769 971 3824 Com.
990 3774 1015 3836 2,
1035 3772 1070 3834 63
1097 3789 1147 3841 pro
1170 3769 1237 3823 Mu-

188 3873 251 3909 reoe
271 3859 313 3920 28,
330 3859 381 3921 ⁵93
401 3856 435 3908 de
453 3856 533 3927 legg.
553 3859 573 3920 1,
593 3861 618 3924 1,
637 3861 664 3912 d.
680 3858 779 3912 Tusce.
799 3861 820 3925 l,
839 3863 865 3924 3,
884 3863 911 3912 5.
946 3859 1025 3911 Conf.
1052 3857 1087 3911 0.
1106 3861 1143 3912 ll.
1162 3858 1236 3910 Mhi-

187 3943 235 3997 ler.
253 3943 287 3996 de
306 3943 340 3995 Vi
358 3955 384 3997 et
401 3942 458 3997 Utu
478 3944 621 3997 verborum
639 3945 811 4016 quorundam
832 3966 859 4016 p.
879 3949 922 3998 11.
946 3944 1031 3998 codd.
1050 3946 1128 3998 Drsd.
1136 3948 1162 3998 4.
1173 3954 1199 3996 et
1209 3948 1235 3997 5.

187 4032 489 4085 mmoiieenostrae
508 4034 642 4085 traditum
660 4045 710 4091 est.
747 4033 828 4085 lltlale.
863 4032 921 4085 Mt.

258 4119 372 4187 Quando
391 4118 477 4172 verbis
496 4122 566 4172 inter
584 4141 631 4175 nos
650 4123 832 4175 contendimus
840 4124 858 4190 ‚]
902 4119 1133 4185 „Contendamns,
1162 4116 1238 4169 licet:

189 4206 333 4259 nonenim
353 4209 450 4277 pugnis
468 4208 538 4261 inter
556 4227 617 4276 nos,
637 4210 683 4262 sed
702 4210 787 4263 verbis
806 4230 847 4263 res
865 4210 981 4280 egitur.“
1009 4201 1092 4256 Ald..
1110 4202 1238 4258 Manui·
