3059 4925
277 435 352 511 280
435 527 439 534 Ι
604 460 777 515 ernanum
809 457 1002 506 srorconuu.

278 620 308 674 ld
326 621 397 678 enirn
417 622 520 692 exigere
538 619 641 673 videtur
657 617 774 673 lormula
793 619 855 673 ista:
880 629 913 671 ut
930 619 1018 672 aiunt.
1054 617 1209 680 [Gruterum
1240 618 1328 678 Etsi,

278 718 311 762 ut
329 711 408 762 aiunt
426 708 535 774 Danai,
558 707 759 779 quinquaginta
778 707 834 758 sint
850 706 941 775 filiae.
976 706 1134 759 Lambinus:
1164 709 1203 757 Et
1228 707 1269 771 si,
1295 717 1329 757 ut

278 798 373 864 aiunt,
391 796 498 859 Danai,
516 794 717 866 quinquaginta
734 803 801 846 sunt
812 791 894 862 filiae
913 794 990 862 [baec
1008 805 1046 848 est
1066 793 1144 848 lectio
1155 792 1224 846 Edd.
1242 792 1328 845 Pseu-

278 881 576 937 do-bambinianarum
594 891 620 934 et
640 879 743 949 Gotb.].
778 879 878 951 Aperta
898 893 937 934 est
953 882 1095 936 sententia:
1123 883 1153 933 Si
1177 880 1326 951 cuiuspiam

277 968 392 1022 bominis
410 969 610 1041 quinquaginta
628 968 684 1021 sint
701 967 754 1036 (vel
773 973 851 1029 sunt)
863 969 961 1037 filiae,
980 981 1012 1022 ut
1030 970 1119 1032 aiunt,
1137 979 1163 1022 et
1180 968 1326 1022 memoriae

278 1057 413 1130 proditum
433 1065 487 1124 est,
506 1056 573 1110 filias
590 1057 684 1108 Danai
702 1056 782 1128 luisse
797 1057 1001 1128 quinquaginta.
1038 1055 1181 1111 Hominem
1195 1056 1247 1109 vidi
1264 1076 1326 1110 eru·

278 1146 377 1211 ditum,
396 1146 443 1216 qui
462 1164 489 1198 se
508 1154 630 1198 narraret
647 1144 675 1197 in
696 1155 812 1198 veterem
831 1144 954 1199 incidisse
972 1145 1071 1199 librum
1091 1163 1173 1198 manu
1191 1154 1326 1200 exaratum

277 1233 386 1304 amiqua
405 1243 431 1286 et
448 1233 534 1297 bona,
553 1232 625 1286 unde
642 1233 744 1286 abesset
762 1234 873 1286 verbum
891 1232 987 1285 aiunt:
1022 1254 1076 1307 quo
1100 1234 1210 1306 quidem
1234 1253 1326 1288 carere

277 1319 404 1374 sententia
423 1318 480 1372 sine
493 1318 658 1373 detrimento·
671 1322 785 1392 potest.“
801 1320 850 1375 Fr.
865 1320 931 1375 Odi
941 1340 1004 1374 nus
1021 1321 1105 1393 (apud
1124 1321 1325 1391 olivetum).-

277 1407 386 1478 begitur
403 1417 436 1459 ut
454 1408 534 1459 aiunt
551 1408 668 1462 Danai
688 1408 828 1475 [nimirum
845 1407 898 1461 rel:
917 1413 963 1474 (ut
982 1410 1076 1476 aiunt)
1091 1409 1198 1475 Danai,
1217 1408 1256 1462 vel
1279 1411 1326 1472 (ut

276 1497 357 1546 ninnt
374 1496 496 1561 Donni),
517 1494 607 1547 velut
626 1496 857 1564 aiunt,Donai‚]
883 1497 911 1549 iu
939 1496 1007 1549 Edd.
1026 1507 1085 1551 vett.
1110 1497 1167 1551 iere
1192 1497 1326 1563 omnibus,

277 1584 394 1654 itemque
412 1583 440 1635 in
460 1581 545 1636 Codd.
564 1581 706 1654 plerisque.
743 1582 797 1636 Sed
815 1587 915 1637 Danao
932 1583 1033 1638 babent
1050 1582 1137 1638 Codd.
1149 1585 1244 1646 Duisb.
1256 1583 1326 1638 Sue-

276 1670 327 1724 rin.
344 1670 393 1723 Ox.
412 1670 441 1725 E.
458 1670 526 1724 Edd.
545 1670 606 1725 Asc.
626 1673 703 1725 1511.
722 1669 819 1726 Color.
840 1673 933 1743 [quam
951 1671 1004 1726 boc
1032 1689 1087 1725 uno
1112 1672 1173 1726 loco
1199 1671 1326 1726 abamb.

276 1762 357 1814 1556.
371 1759 507 1813 discedere
525 1758 648 1826 vidimus]
668 1757 734 1811 Ern.
753 1770 780 1812 et
796 1778 855 1830 sqq.
892 1758 927 1813 Et
944 1758 1051 1815 Ernesti
1077 1760 1185 1831 quidem
1204 1759 1270 1813 baec
1288 1769 1326 1812 est

275 1847 426 1900 annotatio:
450 1849 581 1913 „Danum
600 1865 637 1900 sc.
657 1845 744 1898 luisse.
784 1845 873 1916 Vulgo
891 1857 930 1900 est
947 1848 1052 1902 Danai.
1070 1858 1098 1900 at
1115 1846 1141 1899 id
1159 1846 1258 1898 durum
1277 1855 1325 1910 est,

275 1953 434 2007 semperque
452 1934 550 2006 putari,
568 1936 667 1986 Danao
685 1953 740 1987 esse
758 1932 910 2004 legendum.
923 1935 986 2006 quia
1005 1935 1044 1989 sic
1061 1932 1140 1987 babet
1151 1931 1208 1985 MS.
1218 1931 1324 1996 Duisb.,

275 2023 372 2095 recepi.
409 2022 456 2076 Est
473 2024 551 2075 etiam
571 2023 608 2076 sic
624 2022 654 2073 in
673 2020 721 2073 Ed.
740 2022 813 2075 Med.
838 2023 907 2075 Ven.
926 2023 1026 2077 141111
1046 2052 1079 2061 -—
1115 2020 1165 2073 Tb.
1189 2018 1324 2073 Bentleius

275 2108 339 2181 legit
356 2120 382 2163 et
393 2109 542 2180 distinguit:
563 2110 612 2163 At
630 2110 727 2162 sicui
744 2119 779 2162 ut
796 2110 876 2163 aiunt
897 2114 1031 2175 Danao,
1051 2108 1250 2181 quinquaginta
1266 2108 1323 2160 sint

270 2196 361 2264 filiae.
396 2196 457 2249 Non
476 2196 559 2250 male:
585 2197 630 2251 sed
649 2198 746 2253 suffieit
762 2199 843 2254 lectio
861 2220 876 2253 e
893 2198 967 2251 libris
985 2197 1090 2265 bansta,
1109 2215 1273 2270 quamquam
1292 2208 1324 2248 nt

276 2293 314 2336 est
325 2283 352 2336 in
371 2282 433 2337 Exc.
446 2283 514 2356 Eyb.
531 2284 592 2338 Mr.
625 2286 732 2353 „Danai
750 2285 820 2340 filiae
838 2287 909 2360 apud
929 2287 1030 2341 inferos
1043 2305 1105 2340 eum
1124 2284 1325 2358 inexplebilibus

275 2369 462 2441 cupiditatibus
485 2384 685 2445 comparentur.
736 2374 799 2431 Vid.
824 2375 1017 2429 animadversio
1044 2387 1134 2428 nostra
1159 2373 1193 2427 ad
1218 2373 1325 2429 Plutar-

276 2457 354 2513 chum
373 2460 406 2515 de
424 2460 488 2515 Sera
507 2462 587 2516 Num.
610 2461 690 2517 Vind.
708 2482 734 2535 p.
753 2466 815 2517 111.
836 2464 896 2531 [Ed.
912 2464 998 2536 Lugd.
1015 2464 1106 2531 Bat.]¹‘
1141 2464 1248 2533 Wytt.

345 2551 545 2624 quinquaginta
574 2553 650 2603 sint
667 2552 776 2620 filiae,]
810 2551 861 2606 Or.
886 2563 953 2605 sunt
977 2552 1094 2606 enotavit
1117 2570 1146 2605 ex
1171 2549 1239 2605 Cod.
1267 2549 1326 2604 Bas.

275 2638 342 2691 Edd.
361 2637 484 2689 Lambini
502 2649 528 2690 et
545 2637 629 2690 Suisr.
646 2638 734 2700 Petri3
758 2657 808 2690 nos
831 2638 902 2691 idem
921 2641 1070 2711 reperimus
1094 2639 1121 2691 in
1142 2638 1228 2691 Codd.
1246 2636 1327 2692 Suet.

275 2725 334 2778 Cra.
352 2727 378 2776 1.
394 2722 496 2791 (addita
516 2742 580 2776 soce
598 2724 695 2790 alicui)
713 2724 793 2777 Drsd.
812 2729 836 2777 1.
856 2730 881 2777 1.
901 2728 927 2778 d.
945 2730 1015 2779 boet
1031 2724 1099 2776 Edd.
1119 2723 1210 2793 viginti
1229 2723 1326 2776 reteri-

274 2813 332 2867 bus.
377 2800 585 2864 Coniunctivum
610 2810 709 2866 babent
732 2811 801 2865 Edd.
824 2810 905 2867 lldlb.
931 2810 1028 2867 Colon.
1056 2810 1115 2864 Ald.
1140 2814 1219 2865 1511.
1245 2813 1326 2865 1551.

275 2898 353 2952 Boul.
373 2897 435 2953 Car.
460 2897 551 2971 Stepb.
578 2898 678 2953 Sturm.
703 2899 779 2971 sylb.
806 2898 885 2954 Grut.
909 2911 935 2954 et
952 2919 1027 2972 seqq.
1071 2898 1125 2952 Sed
1149 2899 1253 2952 inverso
1279 2918 1328 2951 or-

276 2989 338 3042 dine
357 2999 395 3042 est
412 2989 440 3041 in
459 2986 539 3041 Drsd.
558 2992 584 3041 4.
597 2988 679 3056 filice
696 2999 772 3042 sunt.
792 3017 826 3026 -
863 2987 981 3041 Fabulae
1000 2987 1088 3041 fontes
1106 2986 1157 3040 rid.
1175 2987 1247 3056 apud
1268 2985 1327 3058 lly-

275 3076 368 3147 ginum
394 3075 478 3130 Fabb.
502 3079 672 3131 168-110.
697 3077 762 3149 ibiq'.
794 3077 931 3149 inter-prr.
949 3076 976 3129 in
1005 3075 1056 3129 Ed.
1080 3074 1231 3146 Mytbogrr.
1257 3074 1324 3129 batt.

275 3162 410 3217 Staveren.
430 3163 586 3236 Apollodori
605 3163 729 3218 Bibliotb.
751 3164 783 3231 ll,
803 3168 829 3230 1,
850 3168 876 3219 5.
894 3184 921 3236 p.
940 3167 1105 3218 111-115.
1134 3163 1174 3216 ed.
1192 3163 1279 3235 lleyn.
1298 3167 1324 3216 1.

275 3253 385 3324 eiusque
404 3251 482 3306 Obss.
507 3272 533 3324 p.
550 3257 602 3307 105
621 3273 660 3325 sq.
695 3253 787 3324 Pergit
807 3252 874 3306 Cod.
892 3251 965 3306 Gud.
983 3250 1015 3306 B.
1040 3270 1102 3306 cum
1120 3251 1199 3304 Drsd.
1215 3255 1242 3305 4.
1270 3251 1325 3302 cui

273 3352 317 3395 tot
336 3342 418 3395 dotes.
455 3339 541 3397 Codd.
559 3341 638 3395 Drsd.
657 3346 683 3396 1.
703 3345 727 3396 3.
744 3341 844 3396 babent
858 3342 1002 3411 pecuniam
1020 3350 1165 3412 quaerunt.
1202 3338 1263 3406 Mjr.

346 3433 485 3501 Quantum
502 3430 571 3482 anim
588 3432 684 3501 cuique
700 3432 798 3482 antis
816 3429 885 3496 est‚]
911 3432 1020 3498 „Opus
1036 3438 1087 3493 est,
1105 3427 1198 3481 decern
1214 3436 1324 3499 septem,

275 3530 332 3573 sat
350 3530 407 3584 est,
426 3519 523 3571 unus.“
541 3516 615 3571 Ald.
632 3517 720 3572 Men.

346 3609 441 3679 cuique
459 3625 543 3676 opus
560 3609 612 3674 eat]
650 3605 732 3674 Quod
753 3606 809 3658 iere
828 3603 992 3659 omnesAldi
1011 3603 1095 3657 libros
1113 3611 1236 3673 occupat,
1254 3601 1324 3653 sctis

274 3702 324 3757 est,
342 3693 454 3748 debetur
471 3694 527 3749 sine
541 3695 624 3747 dubio
643 3695 798 3758 correctori,
818 3693 939 3765 quicum
954 3691 1047 3763 paullo
1065 3690 1323 3763 superiusseriptnm

275 3781 307 3833 sit
326 3792 459 3851 quantum
477 3783 573 3853 cuique
590 3783 685 3835 sutis
703 3794 757 3848 est,
787 3780 857 3834 idem
884 3792 976 3835 nostro
997 3799 1106 3852 quoque
1123 3779 1184 3833 loco
1211 3797 1227 3830 a
1246 3775 1323 3829 Cice-

275 3886 342 3921 rone
360 3867 440 3920 scribi
457 3869 578 3924 debuisse
598 3871 763 3925 esistimaret
807 3869 861 3924 Sed
880 3880 952 3924 reete
971 3866 1213 3940 Wyttenbaebius,
1241 3863 1325 3931 „Ele-

275 3975 354 4028 gans,
380 3955 479 4025 inquit,
509 3957 616 4013 variatio
641 3970 679 4013 est
708 3959 827 4013 eiusdem
862 3958 1021 4024 sententiae,
1055 3976 1136 4028 quem
1161 3955 1243 4009 modo
1268 3953 1325 4008 aliis

278 4043 363 4097 verbis
381 4042 488 4095 dixerat.
522 4042 590 4098 Nam
610 4047 636 4099 id
656 4047 729 4116 quod
748 4067 815 4117 opus
833 4058 888 4111 eat,
905 4047 958 4099 boc
975 4045 1039 4098 item
1057 4055 1097 4098 est
1113 4045 1199 4097 satis:
1229 4062 1325 4115 quam-

278 4150 358 4203 quem
376 4129 505 4183 disserunt
522 4130 593 4187 inter
610 4151 652 4187 ses
670 4151 732 4186 nam
751 4151 819 4203 opus
837 4133 934 4185 dieitur
952 4133 980 4184 in
999 4132 1190 4198 desiderando,
1207 4133 1277 4185 satis
1297 4131 1324 4182 in

278 4218 463 4290 possidendo.“
500 4218 529 4272 ln
548 4217 627 4275 aliam
645 4222 802 4275 senteutiam
814 4219 1093 4292 Morisotusdisputet.
1128 4219 1208 4288 „tlte
1228 4219 1324 4290 inquit,
