3059 4925
263 431 270 447 φ
294 425 365 522 1ὸῖ
389 423 416 443 ··
442 423 450 438 ·
481 422 489 439 ·
542 420 551 436 ο
588 422 596 435 Ι
621 421 799 522 btutuuxt
823 471 1017 522 stoicorum.

292 632 326 688 ci.
346 595 396 685 όν.
417 650 465 701 pro
484 628 541 681 Mit.
560 629 611 682 3οι
630 627 728 696 Populi
745 630 822 698 grati
840 640 882 681 eet
898 630 1027 699 praemiii
1045 630 1159 701 afficere
1183 630 1245 686 bene
1263 633 1341 684 meri-

291 729 333 772 tae
351 719 382 770 de
400 715 553 786 republica
568 715 647 767 aives·
699 715 758 772 Viri
771 716 869 785 sortis,
898 735 931 769 ne
958 715 1095 785 suppliciis
1115 718 1219 788 quidem
1237 720 1342 783 moveri,

291 816 322 855 ut
336 805 453 875 sortiter
468 803 568 874 feriere
585 802 731 871 poeniteat·
768 801 825 855 Mr.

360 910 424 944 non
444 890 537 941 modo
556 891 740 960 repugnanti]
779 892 858 955 „Pro
878 892 983 944 nedum.
1019 891 1066 944 ste
1085 903 1110 947 et
1128 890 1235 946 locutus
1254 891 1339 944 estin

290 978 372 1049 Epist.
390 978 422 1030 ad
442 976 586 1030 Lentulum
609 976 685 1032 Fam.
714 977 772 1031 Lib.
790 976 811 1031 l.
838 978 884 1032 ubi
910 977 967 1031 vide
994 980 1075 1050 patris
1100 979 1339 1034 commentarium.

289 1066 335 1120 stc
353 1076 390 1118 est
409 1075 435 1117 et
454 1063 482 1117 in
502 1064 623 1130 duobus,
649 1077 674 1117 et
703 1065 731 1118 in
751 1086 807 1119 uno
826 1066 973 1122 doctissimi
998 1067 1061 1133 viri,
1087 1067 1176 1121 Caroli
1204 1066 1338 1137 Sigonii.“

290 1152 362 1210 ΑΜ.
379 1152 511 1208 Menut.

360 1260 393 1296 ne
410 1242 546 1294 recusanti
565 1242 670 1312 quidem
687 1243 812 1306 evenerit,
829 1261 882 1298 non
899 1242 975 1296 moda
993 1261 1057 1293 nan
1076 1242 1250 1312 repugnanti]
1271 1239 1339 1305 „Al-

290 1340 377 1383 terum
394 1348 445 1380 aun
465 1326 533 1380 male
553 1327 647 1379 excidit
664 1328 691 1380 in
711 1327 753 1380 ed.
772 1327 975 1384 Gronoviaua.“
994 1327 1073 1382 Ern.
1109 1328 1214 1380 Excidit
1232 1328 1294 1380 item
1309 1328 1337 1379 in
1370 1393 1373 1394 γ

289 1415 339 1470 Οι.
358 1415 393 1469 U.
419 1428 445 1469 et
472 1414 594 1470 contuito
621 1414 728 1484 quidem
756 1416 885 1468 omissum
907 1414 936 1468 ia
967 1414 1016 1468 Ed.
1040 1425 1156 1486 utraque
1183 1413 1338 1477 Faceiolati,

289 1502 407 1574 itemque
424 1503 452 1555 io
471 1500 539 1552 Edu.
560 1501 692 1571 Verburg.
713 1513 740 1554 et
757 1500 864 1555 oliveti.
899 1502 998 1555 Abesse
1013 1503 1093 1555 etiam
1113 1502 1217 1558 volebat
1235 1503 1339 1554 Censor

289 1590 398 1660 quidam
421 1588 543 1643 ienensis
570 1590 648 1642 1820.
679 1589 710 1642 Ν.
736 1593 798 1646 152.
824 1583 949 1644 ¹editiouiu
971 1589 1173 1646 Paradoxorum
1199 1587 1339 1642 Gernhar-

288 1676 392 1729 dianae
429 1677 530 1728 Verum
549 1676 614 1729 vidit
630 1675 780 1730 Beneetius
803 1678 832 1730 in
852 1677 901 1729 Ed.
920 1676 998 1731 Orat.
1017 1678 1141 1732 Ciceron.
1162 1678 1195 1730 de
1220 1675 1339 1747 imperio

288 1763 409 1833 Pompeii
430 1784 455 1833 p.
473 1766 506 1816 83
525 1782 565 1834 sq.
603 1766 672 1816 Cum
692 1765 739 1817 iiio
757 1783 869 1818 censore
886 1765 950 1817 iacit
974 1765 1177 1835 quodammodo
1196 1764 1215 1818 I.
1235 1764 1264 1817 S.
1282 1764 1339 1816 Ro·

288 1849 405 1919 senbeyn
424 1850 452 1901 in
471 1853 621 1903 Comment.
659 1852 700 1904 De
718 1852 851 1905 Particuia
870 1873 924 1905 non
941 1854 1017 1903 motio
1037 1873 1086 1921 pro
1110 1872 1161 1906 non
1187 1852 1261 1902 motio
1285 1870 1338 1903 nan

289 1936 373 2005 posita
392 1935 521 2005 (Seebod.
541 1937 572 1989 N.
592 1939 688 1992 Archiv
708 1940 726 1990 f.
745 1939 841 1992 Phiioi.
861 1938 1012 2007 uPaedag.
1025 1937 1059 2001 ll,
1072 1944 1098 2002 2,
1117 1939 1142 2007 p.
1156 1937 1221 2005 88.),
1239 1958 1338 2009 quam·

214 2017 218 2030 ¹
289 2045 371 2097 quam
390 2028 510 2097 proxime
529 2027 562 2078 ad
581 2026 718 2078 veritatem
738 2027 866 2090 accessit,
886 2026 991 2091 diceus,
1018 2026 1040 2080 si
1064 2026 1178 2078 alterum
1203 2046 1255 2079 nen
1273 2026 1338 2084 reti-

288 2131 353 2164 nere
372 2113 444 2174 veiis,
465 2112 566 2164 reseras
584 2130 692 2166 neeesse
712 2131 768 2179 esee
787 2132 843 2168 nott
863 2114 896 2164 ad
914 2114 1039 2175 evenerit,
1058 2113 1103 2166 sed
1114 2115 1147 2166 ad
1165 2116 1338 2185 repugnanti,

289 2200 305 2251 i.
324 2219 347 2251 e.
367 2200 405 2261 ei,
428 2201 474 2270 qui
494 2219 549 2251 non
568 2212 709 2272 repugnat.
746 2201 887 2272 Kriigerus
904 2202 1001 2265 etiam,
1027 2202 1056 2253 in
1075 2203 1181 2273 egregia
1200 2205 1338 2273 ceteroqui

288 2285 470 2344 Grammatica
490 2288 582 2342 Latina
600 2288 646 2355 (T.
659 2281 697 2340 ii.
715 2308 740 2358 p.
756 2290 1010 2359 727.)posteaquam
1031 2301 1103 2342 recte
1121 2290 1240 2360 exposuit
1257 2309 1339 2361 regu-

288 2374 350 2441 lam,
370 2388 491 2432 nostrum
512 2389 601 2431 tamen
621 2377 711 2432 iocum
726 2377 753 2429 in
774 2378 804 2430 iis
821 2375 920 2438 iaudat,
941 2378 1039 2448 quibus
1056 2397 1109 2430 nan
1127 2379 1201 2430 niodo
1220 2388 1337 2448 ponatur

288 2481 338 2533 pto
355 2484 408 2517 non
426 2466 500 2519 made
518 2485 578 2519 aun.
615 2465 722 2519 Erratis
741 2484 819 2521 eausa
839 2464 904 2521 baec
922 2477 974 2519 est:
1002 2466 1164 2536 reputabant
1182 2466 1229 2518 viri
1253 2467 1336 2532 docti,

289 2570 350 2607 cum
370 2573 462 2607 verum
481 2555 529 2616 sit,
547 2553 661 2607 aiterum
680 2573 732 2605 nen
752 2554 857 2620 omitti,
884 2554 994 2625 quando
1018 2574 1102 2609 unum
1120 2555 1239 2607 Verbum
1258 2573 1335 2609 eom·

289 2656 370 2692 mune
396 2641 429 2693 sit
453 2641 560 2711 utrique
589 2641 743 2694 enuntiato:
770 2653 861 2695 nostro
887 2640 963 2706 ioco,
991 2660 1046 2711 qua
1072 2653 1216 2712 utrumque
1240 2641 1337 2697 babeat

289 2745 374 2780 unum
402 2728 521 2781 Verbum
547 2729 710 2794 (evenerit),
735 2728 859 2782 sufficere
878 2747 931 2779 nan
950 2730 1033 2781 mdo.
1076 2727 1158 2794 Quod
1182 2747 1258 2783 tecue
1287 2741 1334 2783 eet.
1356 2750 1360 2761 t

289 2814 350 2871 Non
370 2815 441 2868 eninr
462 2816 582 2869 Verbum
602 2818 718 2871 evenerit
738 2817 772 2870 ad
791 2828 937 2886 utrumque
956 2815 1121 2869 enuntiatum
1142 2815 1272 2885 pertinet,
1288 2817 1334 2869 sed

290 2913 351 2959 tuot
369 2922 398 2955 re
417 2921 476 2959 iera
497 2904 551 2959 duo
571 2906 664 2973 rerba,
689 2925 752 2959 cum
772 2916 904 2960 structura
930 2905 965 2956 ita
993 2903 1026 2957 sit
1052 2902 1238 2972 intelligendu:
1264 2904 1336 2955 Mihi

290 2992 417 3064 quiequid
433 2993 576 3057 acciderit,
597 2996 712 3045 everterit
731 2996 783 3056 ita,
802 3003 918 3045 utnon
937 2993 1029 3043 modo
1055 3010 1121 3041 nen
1144 3009 1335 3061 repugnem,
1407 3055 1410 3061 1

289 3079 337 3129 sed
353 3097 552 3130 nereensem
571 3081 686 3150 quidem.
720 3082 802 3135 Nunc
814 3081 883 3136 adde
894 3080 973 3133 etiam
993 3078 1013 3131 l.
1023 3078 1055 3131 N.
1067 3077 1194 3148 Madvigii
1212 3077 1334 3133 Gramm.

290 3166 346 3219 bet.
365 3169 388 3231 §.
407 3169 468 3224 411.
488 3186 514 3237 q·
531 3170 595 3223 428.
613 3180 704 3225 annot.
723 3172 748 3225 1.
768 3167 830 3222 coll.
849 3189 876 3239 p·
895 3171 957 3227 42i·
975 3167 1002 3219 b.
1021 3167 1073 3235 (a).
1118 3164 1218 3220 Similia
1236 3179 1275 3221 eet
1293 3166 1335 3221 io-

290 3273 351 3317 cus,
377 3253 449 3324 quod
476 3253 510 3305 ad
535 3255 735 3313 enuntiatorum
765 3256 988 3320 collocutionem,
1014 3255 1047 3311 ad
1070 3254 1124 3311 Ab.
1144 3257 1188 3318 14,
1207 3256 1255 3311 19:
1287 3256 1337 3309 Cui

286 3340 372 3410 facile
389 3342 529 3410 persuasi,
557 3343 622 3393 milii
639 3344 681 3400 id,
701 3345 774 3415 qued
791 3356 912 3416 rogaret,
942 3362 981 3396 ne
998 3344 1076 3399 licere
1094 3343 1243 3413 quidem,
1270 3362 1335 3394 nou

290 3428 382 3481 mado
399 3446 464 3482 non
482 3427 580 3484 lubere.
615 3429 705 3498 Quem
725 3431 815 3485 iocum
833 3431 948 3487 laudavit
966 3429 1148 3485 Gernbardue.
1184 3428 1243 3481 Me.

358 3533 391 3591 ne
407 3516 543 3567 reoueanti
560 3517 664 3588 quidem
682 3549 731 3583 —,
750 3540 803 3573 non
820 3521 895 3572 mado
918 3539 971 3570 nen
985 3519 1160 3588 repugnanti]
1178 3517 1216 3584 ‚,i.
1236 3538 1259 3569 e.
1279 3536 1334 3589 quo

289 3605 378 3658 minus
396 3603 526 3659 eiuemodi
539 3604 566 3659 in
585 3626 629 3661 me
647 3607 749 3663 ineidat
767 3608 912 3673 calamitas,
931 3628 987 3663 nou
1006 3606 1153 3661 modonon
1166 3606 1335 3679 repugnabo,

289 3689 334 3741 sed
359 3708 393 3743 oe
417 3693 546 3747 recusabo
569 3694 690 3764 ¹quidem.
713 3700 715 3703 ’
737 3697 806 3750 Nam
832 3700 928 3751 Cicero
952 3715 1037 3767 quum
1063 3707 1151 3765 penset
1173 3713 1335 3765 repugnare,

289 3796 373 3850 quum
390 3779 443 3831 XX
467 3779 549 3837 miliia
575 3782 696 3855 equitum
722 3801 750 3836 ee
769 3802 820 3854 pro
846 3802 879 3837 eo
903 3779 1078 3839 dimicaturos
1102 3782 1213 3856 profesti
1240 3793 1336 3846 essent,

288 3863 383 3917 metuit
400 3876 496 3936 eponte
513 3866 542 3920 in
560 3867 667 3921 exilium
685 3869 741 3937 ire,
759 3889 811 3925 nee
829 3889 970 3936 recusare,
989 3888 1084 3942 quam,
1112 3868 1290 3939 repugnando
1308 3878 1335 3925 et

289 3950 385 4007 civium
403 3953 532 4022 sanguine
551 3954 707 4023 fundendo,
726 3970 824 4013 statum
842 3961 870 4012 iu
890 3959 975 4031 petria
997 3957 1141 4012 retinere.“
1158 3955 1333 4024 Wyttenb,

359 4039 426 4110 quid
442 4041 510 4093 enim
528 4061 576 4112 ego
594 4043 727 4114 laboravi]
760 4051 821 4119 Ege
845 4049 918 4104 abest
937 4047 972 4100 ab
991 4045 1041 4099 Ox.
1060 4043 1081 4095 l.
1097 4054 1123 4097 et
1141 4042 1213 4095 Gud.
1233 4044 1265 4098 Α.
1303 4048 1335 4101 iu

287 4128 345 4183 Cre.
364 4129 389 4185 1.
416 4138 454 4179 eet
476 4128 644 4187 elaboravi,
670 4132 698 4188 iu
724 4132 796 4187 Gud.
815 4134 845 4189 B.
874 4133 975 4186 labari.
1010 4130 1073 4189 Mat
1098 4133 1202 4185 Cre-1·
1231 4140 1280 4184 aut
1306 4133 1335 4185 iu
1378 4198 1380 4201 Ι

288 4235 339 4285 9μο
366 4216 638 4286 laboraverunt,
669 4238 730 4277 eum
757 4223 806 4277 Ox.
827 4223 877 4289 U.;
905 4222 985 4279 Dred.
1004 4225 1028 4280 1.
1059 4219 1216 4275 elaborat
1245 4237 1334 4283 curae,
