3059 4925
276 428 309 473 vi
708 427 898 472 PRAEFATIO.

279 590 464 676 moribus,
500 613 586 675 quae
621 594 743 675 prodiit
767 593 895 657 Patavii
923 585 1030 657 1572.
1068 591 1185 655 deiude
1219 592 1329 653 denuo

280 714 366 778 edita
407 719 456 777 est
492 714 534 777 ab
570 712 594 777 1.
629 712 993 793 Meiero,'Lipsiae‚
1040 703 1134 775 1721
1173 703 1214 795 (p.
1241 700 1329 794 25.):

279 832 395 911 „Quae
424 828 629 894 Paradoxa
664 832 876 895 nominantur
901 848 921 894 a
942 828 1111 905 Cicerone,
1138 829 1218 891 nihii
1241 826 1331 891 aiiud

279 957 383 1029 „sunt
411 968 509 1031 quam
536 968 597 1013 ceu
620 950 721 1014 index
736 949 870 1030 quidam
891 949 1025 1013 brevior
1047 950 1079 1010 et
1105 947 1199 1027 quasi
1226 963 1329 1026 quae-

279 1070 375 1146 „dam
404 1068 570 1150 appendix
600 1065 899 1132 Tusculanarum
921 1062 1206 1150 Quaestionum:
1230 1082 1330 1146 quam

278 1187 565 1273 „coniunctionem
607 1185 639 1250 ot
677 1183 930 1252 'sitnffitddirom
966 1183 1217 1249 Paradoxorum
1253 1199 1329 1247 cum

277 1306 488 1384 „Tusculanis
515 1305 675 1385 significat
706 1304 828 1370 Cicero·
848 1305 882 1368 in
909 1321 1025 1367 eorum
1050 1302 1260 1366 Praciatione
1286 1300 1328 1365 ad

276 1426 445 1503 „Brutum
466 1459 518 1470 -
569 1425 606 1488 ln
632 1429 774 1506 utroque
801 1430 911 1489 autem
936 1441 1038 1504 opere
1061 1438 1159 1501 agere
1186 1421 1327 1486 Tullium

275 1543 338 1619 „de
362 1540 499 1622 perfecti
524 1542 680 1622 sapientis
709 1543 841 1620 officio,
876 1559 934 1618 ea,
971 1558 1055 1621 quae
1088 1540 1122 1603 in
1156 1541 1207 1604 his
1237 1541 1327 1630 libris

276 1657 493 1741 „disputanda
544 1667 794 1742 proponuntur,
858 1657 1039 1725 clarissime
1086 1657 1261 1721 ostendunt
1288 1652 1327 1747 ⁸1:

275 1793 428 1855 „omnem
454 1777 636 1858 sapientem
661 1795 733 1843 esse
759 1777 911 1854 liberum,
935 1791 1070 1840 omnem
1095 1775 1230 1839 stuitum
1255 1787 1328 1841 ser·

274 1911 390 1974 ‚‚vum‚
430 1897 538 1961 sotum
573 1895 755 1978 sapientem
782 1911 854 1959 csse
880 1893 1014 1958 divitem
1045 1893 1149 1956 ethis
1176 1891 1326 1959 similia.“
1423 1983 1425 1986 ι
1522 1909 1523 1912 ’

275 2013 340 2079 Sed
358 2029 459 2095 quum
480 2018 516 2079 in
531 2015 703 2095 maiorem,
731 2034 831 2097 qnam
859 2014 1134 2091 existimaveram,
1160 2016 1326 2078 excrevis-

273 2142 323 2198 set
349 2135 472 2197 molem
498 2138 611 2199 nostra
638 2135 898 2200 Tusculanarum
924 2133 1036 2210 editio,
1071 2131 1147 2197 addi
1170 2145 1238 2196 non
1263 2145 1327 2215 po·

273 2254 334 2318 tuit
356 2254 411 2317 bic
436 2250 583 2330 tibanus,
619 2254 675 2334 qui
709 2269 798 2317 nunc
823 2252 938 2317 docem
970 2251 1103 2315 demum
1130 2250 1225 2316 annis
1251 2259 1326 2335 post

273 2370 352 2437 itiud
380 2373 557 2437 muitarum
582 2368 769 2453 vtgtiiarum
803 2389 886 2456 opus
914 2361 1032 2455 prodit.
1092 2369 1273 2437 Comitium
1298 2369 1326 2439 si

275 2495 405 2574 quaerit
432 2492 505 2556 iibri
532 2490 669 2570 edendi,
705 2493 794 2556 idem
821 2498 887 2571 est,
923 2483 1012 2574 qu‘od
1035 2492 1107 2557 erat
1132 2492 1219 2562 iliius
1243 2508 1326 2575 opa-

273 2613 336 2676 ris:
362 2611 451 2694 quod
477 2611 534 2691 qui
553 2612 703 2693 ¹probant
728 2613 857 2678 tuturos
885 2626 957 2676 esse
990 2611 1060 2675 scio
1087 2608 1175 2675 band
1202 2626 1325 2691 paucos
1358 2692 1360 2695 v

273 2733 391 2795 harum
417 2744 529 2793 rerum
554 2731 679 2794 iudices
705 2731 864 2796 idoneos:
892 2712 953 2812 qut
966 2726 1145 2811 reprobent
1164 2746 1231 2792 nou
1247 2728 1326 2792 dee-

274 2853 368 2913 runt:
405 2849 602 2930 quibuscum
636 2850 670 2912 in
698 2854 865 2913 certamen
892 2866 959 2912 non
986 2848 1092 2928 magis
1119 2846 1325 2924 descendam,

273 2983 371 3050 quam
399 2984 474 3031 cum
500 2968 559 3045 iis,
585 2969 639 3048 qui
666 2958 832 3050 prioribus
855 2968 975 3032 nostris
1003 2968 1164 3030 librorum
1191 2963 1326 3030 Cicero-

275 3086 326 3152 nis
352 3085 552 3152 editionibus
583 3086 676 3152 litem·
700 3093 896 3164 moverunt,
933 3104 1010 3151 eam
1040 3086 1164 3151 scilicet
1191 3104 1325 3151 causam

273 3209 504 3274 interserentes
532 3207 771 3287 gravissimum,
798 3206 889 3287 quod
915 3209 986 3288 ipsc
1009 3206 1104 3270 aliter
1118 3190 1207 3270 idem
1233 3209 1326 3270 erant

154 3325 159 3330 ’
272 3327 409 3403 tacturi,
448 3342 531 3408 quos
558 3342 659 3408 penes
687 3328 796 3405 soios,
837 3333 872 3391 ut
894 3328 957 3391 sibi
982 3326 1199 3409 persuadent,
1235 3320 1326 3392 arbi-

274 3447 371 3511 trium
394 3448 443 3506 est
469 3449 501 3507 et
527 3446 578 3506 ius
605 3452 637 3507 ot
663 3463 780 3510 norma
807 3445 974 3525 loquendi.
1036 3444 1101 3523 Qui
1128 3446 1248 3509 attente
1274 3443 1325 3506 in·

273 3563 403 3642 spicere
428 3562 550 3638 volent,
579 3578 664 3642 quae
689 3564 771 3631 mitti
800 3560 927 3643 agenda
947 3565 1017 3628 visa
1041 3568 1125 3642 sunt,
1152 3564 1325 3645 reperient,

273 3758 480 3769 ---.-.

342 3879 370 3945 ⁴)
383 3878 461 4001 TQuid
478 3880 639 3951 enimvsiind
660 3894 740 3947 sunt,
762 3883 809 3936 nisi
829 3884 965 3937 Paradoxa
983 3885 1089 3948 Stoica,
1115 3903 1184 3959 quas
1203 3883 1322 3953 proban-

273 3950 361 4002 turin
409 3948 596 4004 uscuIanarum
616 3952 704 4019 tibris,
725 3952 817 4006 vetuti:
843 3958 957 4005 Mortem
985 3976 1035 4006 non
1057 3954 1247 4017 enceniatum,
1274 3952 1321 4002 dc-

272 4021 353 4075 iorem
370 4041 424 4077 nou
442 4040 497 4075 essa
516 4022 630 4081 ηιαῑιιιιι,
648 4026 676 4075 ἱη
696 4025 842 4093 ,apsentem
860 4044 912 4079 non
931 4027 1025 4076 eadm
1043 4025 1251 4094 aegritudine,
1271 4043 1323 4075 να-

273 4109 332 4142 care
349 4093 496 4165 sapientem
516 4093 585 4144 omni
595 4095 678 4145 arrirni
694 4095 905 4162 perturbatione,
927 4096 1042 4167 denique
1060 4096 1234 4148 virtutemad
1246 4094 1320 4147 beate

272 4162 411 4213 vivendum
431 4182 457 4214 ss
476 4162 536 4235 ipsa
556 4180 611 4214 csse
630 4170 790 4220 condentem.
816 4164 887 4218 *Mn
