3059 4925
572 499 614 543 sn
638 496 836 546 seminant
859 499 888 559 t,
907 493 932 542 2.
1203 471 1278 547 357

227 660 311 712 istum
329 677 381 711 seon
399 657 475 711 modo
494 676 614 721 servum,
632 658 681 710 sed
696 657 887 729 nequissimum
905 675 1023 721 servum,
1047 657 1156 710 etiamsi
1172 657 1201 710 in
1219 676 1277 710 om·

222 746 347 815 piissimo
359 744 473 815 familia
492 754 576 796 notua
593 747 645 809 sit,
672 744 862 813 appellandum
886 756 963 813 puto.
998 745 1084 798 Pari
1101 746 1275 802 stultitia

224 841 308 884 sunt
327 831 427 899 [omisit
444 830 476 883 H.
496 850 563 903 quos
582 832 689 902 signem]
708 850 797 903 quos
815 831 973 896 tobnlne,
993 851 1078 903 quos
1096 832 1277 886 caelatum

224 930 420 989 argentum,
446 937 529 989 quos
547 920 734 971 Corinthio
754 936 875 988 opero,
897 938 981 990 qnos
1007 919 1187 990 aedificia
1213 939 1277 974 mo·

223 1005 369 1076 gnifica
387 1005 492 1058 nimio
513 1024 612 1074 opere
631 1005 822 1060 delectant.
870 1008 919 1060 Ar
938 1025 1065 1071 sumus,
1092 1007 1277 1078 inquiunt,

224 1092 615 1162 civitatisprincipes.
643 1095 730 1146 .Vos
756 1113 837 1148 vero
863 1075 1175 1148 neironservorum
1202 1079 1278 1165 qui-

227 1179 263 1230 rie
274 1197 298 1230 ns
315 1189 508 1260 postrorum
526 1181 708 1249 principes
725 1184 825 1234 estis.
862 1183 956 1254 Atque
975 1192 1007 1234 nt
1025 1184 1053 1234 in
1073 1200 1173 1252 magno
1185 1183 1277 1252 somi-

224 1265 263 1316 lsc
271 1276 335 1318 sunt
344 1267 395 1317 atti
402 1266 542 1333 tantiam,
555 1278 585 1319 nt
597 1268 648 1320 sibi
660 1268 797 1334 ridentur,
808 1268 887 1334 servi,
898 1270 946 1321 sed
959 1279 1049 1322 tamen
1059 1270 1138 1334 servi,
1146 1270 1277 1322 atrienses

223 1372 257 1405 ac
270 1354 397 1422 topiarii,·
416 1354 475 1406 ssd
488 1364 528 1407 ut
542 1355 577 1408 in
590 1355 749 1426 familia,
767 1356 828 1427 qui
844 1366 1013 1410 tractant
1031 1358 1112 1420 iste,
1130 1358 1191 1426 qui
1208 1364 1276 1407 ter·

222 1452 328 1512 gunt,
347 1443 403 1513 qni
428 1452 579 1512 ungunt,
595 1444 654 1513 qui
672 1453 837 1508 verrunt,
862 1444 924 1515 qni
940 1453 1125 1514 spargunt,
1143 1442 1277 1494 nonio-

224 1531 461 1582 nestissinsssns
479 1530 589 1581 locum
606 1531 801 1584 servitutis
828 1540 965 1593 tenent5
990 1532 1091 1584 sicin
1109 1531 1275 1585 civitate.

224 1618 284 1689 qui
301 1636 334 1671 se
348 1618 498 1669 istorum
512 1636 626 1669 rerum
639 1617 915 1687 cupiditatibus
929 1618 1149 1677 dediderunt,
1167 1618 1275 1669 istius

223 1705 416 1755 servitutis
440 1704 550 1755 locum
572 1723 683 1773 poene
706 1706 868 1777 infimum
891 1697 1076 1757 obtinent!⁴
1113 1703 1195 1771 Quod
1214 1723 1275 1758 sero

223 1791 372 1844 orationem
391 1791 483 1844 iecerit
501 1791 536 1845 ita
548 1792 707 1858 continuari,
727 1803 757 1845 ut
774 1792 847 1845 illato
857 1793 905 1845 sed
913 1792 1044 1864 quaedam
1056 1804 1203 1845 structurae
1214 1810 1276 1862 per·

224 1878 340 1933 turbatio
350 1880 419 1932 facta
432 1899 486 1932 esse
498 1880 623 1946 videatur,
639 1880 663 1931 id
674 1880 734 1933 satis
746 1880 937 1951 frequensesse
949 1879 1020 1951 apud
1029 1877 1201 1943 Ciceronem,
1220 1879 1275 1949 qui,

223 1968 243 2019 si
263 1966 397 2037 inceptam
422 1967 552 2020 rationem
578 1967 719 2032 tenuisset,
751 1967 829 2036 plena
857 1968 978 2021 oratione
997 1968 1106 2020 sortasse
1124 1966 1158 2019 ita
1186 1966 1276 2018 suisset

223 2053 384 2124 scripturus:
412 2052 667 2120 „Quemadmodum
694 2055 720 2106 in
746 2074 843 2125 magna
862 2053 961 2108 iamiiia
990 2066 1050 2108 sunt
1077 2053 1120 2106 aiii
1150 2052 1276 2106 lautiores

222 2143 303 2207 servi,
324 2141 367 2194 aiii
387 2142 474 2194 minus
490 2141 609 2207 honesti,
628 2142 662 2194 ita
683 2141 761 2213 piane
781 2155 806 2195 et
825 2143 865 2195 isti
885 2142 1059 2214 cupiditatum
1080 2159 1187 2194 suarum
1208 2139 1275 2191 servi

225 2228 269 2282 atii
288 2228 366 2282 aliam
385 2227 483 2281 habent
502 2228 692 2300 dignationem.
734 2231 821 2302 Atque
840 2242 869 2283 ut
887 2230 921 2296 ii,
950 2229 995 2300 qui
1015 2229 1169 2299 signorum,
1196 2225 1274 2279 tabu-

224 2316 328 2383 larum,
355 2316 534 2387 similiumque
553 2337 643 2369 rerum
664 2336 755 2371 curam
776 2316 888 2382 habent,
915 2335 969 2369 non
995 2314 1205 2367 honestissimum
1233 2311 1274 2363 io·

224 2423 286 2457 cum
305 2403 434 2457 servitutis
451 2414 555 2471 tenent,
574 2404 609 2457 ita
629 2405 707 2458 etiam
728 2405 874 2458 earundem
894 2423 982 2457 rerum
1003 2401 1092 2473 cupidi
1120 2400 1192 2454 istius
1216 2417 1272 2450 ser-

211 2486 310 2545 ¹sitntis
328 2490 417 2545 iocum
438 2512 523 2563 paene
541 2492 664 2547 infimum
684 2497 803 2547 tenent.“
840 2493 923 2561 Quod
942 2493 963 2545 si
983 2493 1051 2545 sorte
1070 2490 1165 2562 aliquis
1183 2487 1273 2560 psuiio

226 2579 384 2632 fastidiosior
402 2598 457 2632 non
484 2581 550 2633 serat
573 2582 750 2652 (quamquam
778 2580 831 2634 sint
857 2580 954 2633 simiies
980 2589 1129 2633 structurae
1154 2575 1186 2629 de
1213 2575 1272 2629 Off.

210 2670 249 2730 d,
269 2669 317 2721 ³⁰2
337 2666 408 2737 Quin
426 2667 507 2718 etiam
525 2679 591 2734 eto,
609 2669 645 2721 ib.
663 2666 708 2732 Ill,
725 2673 771 2725 26.
822 2669 896 2722 {stite
924 2667 1066 2719 videbatur
1084 2678 1149 2732 eto,
1177 2664 1273 2718 Tusce.

163 2800 167 2805 .
225 2751 245 2820 l,
265 2760 289 2812 1.
336 2754 574 2822 merciensium),
598 2776 643 2809 eos
662 2768 765 2811 mutare
783 2757 857 2810 iubet
875 2756 928 2809 leni
947 2755 1114 2809 correctione
1132 2756 1176 2804 Et
1194 2753 1273 2804 utin

220 2844 335 2916 somilic
353 2854 402 2896 etc.
457 2841 704 2914 Transpositionem
732 2855 821 2897 autem
847 2844 882 2897 ita
908 2843 936 2895 in
955 2843 1038 2895 libros
1056 2853 1156 2895 veteres
1175 2839 1272 2893 venisse

225 2933 365 2985 existimat:
393 2930 559 2996 „Putabam,
585 2930 687 3002 inquit,
718 2932 807 2983 turbas
824 2931 886 2983 istas
903 2930 1045 2982 verborum
1064 2931 1151 3008 puTQ
1175 2926 1275 2978 PAR!

225 3019 327 3072 dedisse
345 3017 546 3089 proximitatem.
590 3017 621 3069 ln
643 3018 740 3090 quibus
758 3017 967 3072 madescentibus
985 3034 1048 3070 cum
1075 3013 1200 3068 librarius
1222 3013 1271 3065 sibi

222 3106 290 3158 visus
307 3115 373 3159 esset
389 3104 592 3176 deprehendisse
611 3124 703 3158 vocem
721 3107 897 3158 TOPIARH
923 3105 1033 3157 inferius
1052 3102 1142 3174 paullo
1169 3112 1272 3155 erstan-

222 3204 291 3257 tem,
311 3203 367 3245 tom
385 3190 489 3262 reliqua
510 3191 573 3245 inde
590 3211 605 3245 a
625 3192 728 3263 periodi
748 3193 824 3247 irride
843 3193 938 3257 verba,
966 3211 1012 3244 sua
1030 3191 1091 3245 sede
1111 3201 1200 3253 mota,
1219 3189 1272 3241 buc

225 3280 364 3334 transtulit.
398 3279 466 3332 tttud
484 3298 569 3333 unum
590 3280 675 3347 addo,
695 3281 768 3351 quod
787 3280 808 3332 si
827 3281 891 3352 quid
910 3280 982 3333 aliud
1002 3295 1139 3349 unquam,
1167 3275 1269 3346 liquido

218 3386 297 3440 posse
321 3387 364 3420 me
387 3366 521 3421 affirmare
545 3369 677 3435 arbitror,
707 3387 762 3422 noas
790 3368 832 3435 id,
868 3367 940 3439 qnod
967 3366 1028 3420 libri
1054 3384 1149 3418 omnes
1173 3362 1271 3415 babent

220 3458 337 3527 ipsius
360 3455 502 3508 serenatis
534 3455 693 3510 Ciceronem
720 3457 870 3527 scripsisse,
901 3456 948 3510 sed
975 3455 1088 3508 istius
1110 3450 1269 3504 servitutis:

219 3544 302 3596 istem
321 3560 417 3614 nempe
436 3543 587 3596 servitutem
606 3544 754 3611 dicentem,
782 3564 852 3616 quae
876 3545 910 3597 ab
928 3543 1038 3597 istarum
1057 3557 1146 3593 rerum
1166 3549 1204 3591 est
1221 3556 1271 3590 cu-

221 3631 357 3701 piditate.“
384 3630 460 3684 Hanc
470 3630 552 3701 igitur
563 3631 712 3702 Hottingeri
727 3631 933 3701 disputationem
943 3630 1092 3682 Hermen
1100 3646 1116 3678 n
1125 3644 1161 3678 us
1174 3643 1271 3694 quam-

220 3735 302 3787 quam
320 3716 412 3790 pauiio
430 3718 557 3772 audacius
575 3719 674 3772 mederi
693 3718 753 3772 loco
772 3730 876 3781 censet,
898 3737 986 3789 neque
1005 3716 1084 3787 plane
1102 3732 1193 3766 rerum
1219 3732 1270 3766 acu

219 3808 293 3877 quasi
313 3806 439 3877 tetigisse,
458 3805 625 3876 ingeniosam
645 3818 733 3861 umen
753 3826 808 3860 esse
827 3805 965 3861 concedit:
996 3806 1052 3874 ipse
1076 3814 1164 3856 autem
1193 3819 1267 3853 suam

219 3895 253 3948 ita
272 3894 428 3947 sententiam
447 3893 603 3964 espromsit:
640 3895 701 3960 „Aa
720 3914 832 3947 manum
850 3905 911 3949 sunt
929 3892 984 3947 duo
1003 3890 1200 3944 Paradosmum
1213 3886 1269 3938 Co-

217 3981 302 4045 dices,
321 4000 390 4034 umss
409 3980 559 4051 Lipsiensis,
572 3982 645 4035 alter
663 3983 740 4035 amici
761 3982 909 4035 cuiusdam.
946 3982 976 4034 in
996 3981 1084 4052 priore
1104 3989 1154 4032 est:
1173 3977 1267 4045 Atque

217 4079 250 4120 ut
268 4070 297 4120 in
314 4086 413 4140 magno
426 4068 541 4139 familia
560 4071 709 4122 stultorum
727 4070 776 4121 olii
794 4079 859 4122 sunt
877 4070 1008 4123 lautiores
1030 4070 1124 4136 (supra
1148 4063 1194 4115 tin.
1222 4063 1266 4126 tio,

217 4165 247 4207 ut
266 4154 375 4208 sciuisse
393 4155 512 4209 videatur
528 4168 665 4212 corrector
682 4157 863 4223 laudatione)
894 4167 927 4209 nt
957 4157 1008 4208 sibi
1036 4153 1162 4207 sidentur
1185 4151 1266 4215 servi,

217 4242 346 4296 sedeunt
365 4242 495 4309 (deletum
513 4254 551 4298 est
573 4256 654 4311 sunt,
682 4257 706 4298 et
732 4266 812 4317 supra
831 4246 929 4300 lineam
954 4252 1013 4314 post
1036 4239 1166 4290 atrienses
1187 4236 1264 4306 ‘posi-
