3059 4925
712 471 873 520 Excutts'tts
901 471 946 518 tx.

689 634 901 695 ttxcttttstts
924 634 977 693 tx.
1222 733 1224 736 Ι

524 799 600 873 sn
628 796 973 872 rnntnoxou
998 798 1067 892 tv,
1092 796 1155 869 u..

388 974 536 1052 Nescis,
557 973 724 1037 exsilium
745 973 916 1039 scelerum
938 995 1009 1037 esse
1025 994 1193 1059 poenam,
1217 985 1275 1033 cet.

376 1165 492 1233 „Cicero
521 1183 571 1236 pro
598 1183 647 1217 suo
677 1162 790 1217 arbitrio
816 1162 907 1214 exsilii
934 1163 1044 1214 nomine
1071 1160 1154 1214 utitur
1178 1160 1357 1231 abutiturque.

308 1254 448 1321 Yriplicem
466 1252 545 1305 huius
562 1250 679 1305 nominis
696 1248 917 1321 significationem
941 1248 1013 1320 apud
1031 1248 1185 1301 Romanurn
1205 1247 1277 1300 hunc
1295 1267 1358 1300 ora·

304 1352 391 1394 torem
408 1340 522 1398 invenio.
567 1339 681 1407 Quoties
705 1340 737 1391 ad
765 1339 854 1409 ipsum
879 1336 974 1391 attinet
999 1336 1052 1389 hoc
1076 1334 1251 1399 vocabulum,
1276 1334 1357 1389 inno-

305 1429 420 1483 centiam
441 1429 576 1498 quandam
595 1435 658 1499 prae
677 1447 704 1481 se
724 1428 782 1480 Iert.
828 1427 865 1479 lta
884 1445 965 1497 supra
989 1425 1016 1478 in
1035 1425 1174 1478 Paradoxo
1191 1424 1223 1477 Il.
1248 1425 1285 1494 [p.
1301 1426 1355 1491 Sil]

305 1515 429 1569 adversus
447 1515 596 1570 Antonium
615 1514 692 1581 dixit,
717 1514 854 1567 Exsilium
871 1511 906 1566 iis
923 1532 980 1565 esse
1006 1513 1138 1577 terribile,
1162 1514 1260 1584 quibus
1278 1516 1357 1585 quusi

305 1604 528 1673 circumscriptus
539 1604 577 1654 sit
595 1602 738 1654 habitandi
756 1601 844 1665 Iocus,
861 1620 913 1653 non
930 1602 979 1667 iis,
1001 1603 1048 1672 qui
1073 1617 1173 1653 ornnem
1191 1601 1277 1653 orbern
1302 1612 1356 1653 ter·

304 1708 398 1744 rorum
415 1707 498 1741 unam
514 1689 605 1741 urbem
623 1708 679 1741 esse
698 1689 809 1741 ducant.
844 1687 910 1756 Quo
930 1687 992 1741 loco
1011 1686 1123 1754 Cicero,
1149 1701 1179 1742 ut
1202 1690 1254 1743 hoc
1272 1689 1357 1742 obiter

307 1795 445 1844 moneam,
469 1776 502 1830 ad
522 1777 702 1830 differentiam
720 1775 872 1829 exsiliorum
890 1776 1032 1847 respexisse
1050 1775 1131 1830 videri
1149 1776 1240 1847 possit.
1289 1776 1357 1829 Nam

305 1865 457 1920 Martianus
474 1864 673 1919 Iureoonsultus
690 1864 718 1916 in
739 1862 756 1916 Ι.
776 1868 802 1918 5.
819 1864 850 1919 is.
874 1864 908 1916 de
926 1863 1059 1920 interdict.
1086 1876 1112 1917 et
1138 1864 1219 1935 releg.
1246 1864 1357 1934 [Digest.

306 1953 336 2007 L.
355 1951 471 2007 XLVIII.
489 1952 543 2006 Tit.
563 1957 608 2018 22,
625 1954 663 2020 5.]
706 1953 841 2004 Exsilium
859 1951 960 2021 triplex
985 1970 1041 2003 esse
1058 1951 1135 2016 dicit,
1162 1963 1215 2003 aut
1239 1972 1297 2003 curn
1315 1962 1357 2004 eat

305 2053 438 2095 certorum
456 2042 572 2093 locorum
590 2040 752 2106 interdictio,
772 2048 823 2090 out
841 2039 902 2089 loto
917 2039 1008 2110 fugo,
1024 2039 1117 2110 (quale
1136 2038 1275 2093 Ciceronis
1293 2039 1358 2091 ersi·

306 2128 382 2196 lium,
401 2139 509 2199 escepta
518 2127 614 2198 culpa,
633 2126 713 2194 iuitz)
734 2137 768 2179 ut
785 2128 900 2179 omnium
918 2128 1034 2179 locorum
1045 2127 1235 2191 interdicatur,
1251 2117 1359 2194 prceier

306 2227 408 2268 certum
425 2216 526 2280 Iocum,
546 2224 599 2267 cut
616 2215 722 2268 insulae
740 2214 891 2277 vinculum,
917 2214 948 2265 id
965 2224 1020 2279 est,
1041 2214 1170 2284 relegatio
1186 2215 1216 2265 in
1233 2214 1358 2269 insulem.

308 2303 339 2359 In
358 2301 404 2357 illo
423 2301 563 2356 Ciceronis
581 2301 643 2356 loco
662 2302 780 2372 res-ipsa
800 2320 854 2354 non
872 2302 982 2355 nornine
999 2300 1123 2372 quidem,
1148 2301 1193 2353 sed
1212 2301 1359 2369 ignominie

230 2447 236 2454 ,
308 2403 335 2445 et
352 2389 458 2444 miseria
476 2389 588 2443 eruitur.
633 2388 664 2442 ln
691 2388 744 2443 hoc
773 2406 835 2440 vero
859 2387 919 2443 loco
943 2395 993 2441 rcs'
1010 2398 1037 2441 et
1060 2389 1171 2441 nomine
1198 2392 1317 2458 privatur
1335 2398 1360 2442 et

308 2480 466 2552 ignominia.
500 2480 568 2534 Nam
586 2481 640 2530 iter
658 2477 795 2541 nominat,
815 2475 882 2529 sicut
899 2476 929 2529 in
947 2478 982 2530 V.
999 2476 1213 2530 Tusculanarum
1233 2478 1288 2544 [δη
1300 2479 1361 2531 106.

309 2571 360 2625 Ed.
378 2581 460 2624 nostr.
480 2570 512 2621 T.
522 2568 565 2621 Ill.
586 2588 613 2638 p.
628 2570 690 2622 231.
708 2566 774 2637 ihiq.
793 2577 885 2619 annot.
903 2567 996 2633 noun]
1013 2567 1263 2637 peregrinotIonem,
1281 2564 1358 2628 μειῶ-

308 2676 346 2711 on
362 2672 410 2710 seu
427 2656 611 2710 extenuatione
630 2653 740 2725 pulchre
759 2653 922 2715 verecunda,
941 2652 1087 2707 ubimulta
1106 2650 1253 2708 multorum
1273 2653 1362 2725 philo·

308 2744 455 2815 sophorum
472 2763 518 2796 sua
536 2754 632 2814 sponte
649 2741 736 2795 solum
755 2742 913 2795 vertentium
932 2740 1050 2812 exempla
1068 2752 1215 2795 enumerat.
1258 2743 1360 2795 Verum

306 2848 360 2903 pro
378 2831 469 2884 Demo
486 2849 533 2884 sua
554 2831 609 2898 [rt.
627 2831 684 2897 th]
701 2830 805 2882 exsulis
829 2848 923 2882 nomen
949 2848 1044 2899 perse
1068 2829 1236 2882 oalonritotie
1254 2831 1361 2902 quidem

308 2936 365 2972 esse
383 2918 461 2984 dicit,
479 2919 658 2988 turpitudinis
676 2936 728 2969 non
747 2917 820 2972 item,
857 2915 880 2968 E
898 2916 1001 2970 diverso
1020 2936 1070 2988 pro
1088 2916 1293 2971 Aulocoecina
1304 2920 1361 2986 [34,

310 3009 384 3074 loth]
401 3007 525 3061 exsilium
541 3022 593 3059 non
609 3004 786 3074 supplicium,
812 3004 861 3056 secl
875 3005 1035 3076 profugium
1056 3015 1218 3076 portumque
1235 3005 1363 3074 supplicii

308 3097 439 3150 nominat.
475 3094 525 3148 ttic
543 3105 569 3147 et
593 3110 693 3145 nomen
712 3102 852 3158 remanet,
877 3108 930 3145 nec
957 3092 1104 3161 ignominia
1137 3102 1210 3146 caret
1232 3092 1362 3157 exsilium,

308 3185 337 3236 in
357 3181 430 3254 quod
451 3198 545 3234 ausae
571 3199 633 3233 suae
649 3179 801 3233 diffidentes
818 3199 846 3232 se
870 3180 1031 3234 conficiunt:
1057 3199 1108 3233 nec
1127 3181 1233 3233 miseria
1253 3196 1362 3250 prorsus

311 3270 399 3334 abest,
418 3269 464 3321 uhi
483 3268 623 3321 interduo
642 3267 725 3334 mala,
745 3268 818 3338 quod
837 3270 926 3321 minus
943 3267 1146 3321 incommodum
1162 3278 1216 3334 est,
1245 3267 1363 3338 eligitur.

310 3354 436 3409 Ceterum
456 3355 491 3409 de
509 3354 657 3408 voluntario
675 3355 752 3409 exilio
770 3354 829 3426 lege
847 3356 986 3409 Budaeurn
997 3356 1024 3408 in
1038 3356 1255 3409 annotationibus
1273 3366 1364 3426 poste·

200 3494 205 3497 .
308 3443 439 3510 rioribus,
464 3462 545 3514 super
568 3435 602 3496 eo
627 3443 703 3509 loco,
729 3462 811 3514 quern
831 3443 922 3514 paullo
946 3443 1068 3515 superius
1095 3464 1126 3496 ex
1153 3442 1289 3496 Martiano
1314 3444 1364 3496 ad-

311 3531 441 3584 duximus.
460 3558 494 3570 -
531 3529 613 3598 Quod
639 3541 728 3584 autern
752 3550 812 3585 mon
838 3533 902 3586 dicit
928 3533 1013 3584 solum
1042 3543 1162 3596 mutare,
1187 3529 1299 3584 Graecis
1324 3541 1364 3582 est

312 3616 523 3685 urrnrnoruiur,
551 3617 750 3679 μετοικίζεσθαι.
790 3618 940 3672 Matthaeus
965 3619 1077 3690 [Erang.
1096 3619 1115 3683 l,
1136 3621 1180 3671 11.
1199 3616 1243 3671 12.
1261 3629 1287 3670 et
1305 3616 1362 3682 li]

311 3707 506 3779 Babylonicum
526 3708 643 3761 exsilium
661 3715 821 3770 μετοικεσίαν
838 3707 995 3779 appellavit,
1016 3708 1087 3778 quod
1108 3706 1261 3772 initiarent,
1281 3723 1363 3776 quam

313 3798 503 3860 ulxpuiuctut‘
522 3797 647 3867 Xystus
664 3796 858 3850 Batuleius.
902 3795 980 3849 Adde
997 3796 1037 3849 his
1058 3795 1089 3847 II.
1108 3795 1140 3847 E.
1158 3793 1281 3847 Dirhsen.
1300 3792 1363 3845 Mo·

312 3881 392 3936 nuale
410 3882 555 3937 Latinitatis
571 3883 698 3936 Fontiurn
728 3882 796 3936 luris
820 3883 910 3937 Civilis
931 3884 1116 3938 Rornanorum
1142 3902 1164 3934 v.
1182 3883 1318 3934 Exsilium
1336 3892 1364 3934 et

312 3971 456 4022 Exsulore.
493 3971 608 4039 Barnab,
627 3970 730 4024 Brison.
751 3971 784 4024 de
802 3973 972 4038 Verborum,
1001 3990 1070 4043 quae
1094 3970 1128 4023 ad
1152 3970 1195 4022 Ius
1220 3968 1363 4040 pertinent,

312 4058 504 4129 significatione
523 4080 544 4110 v.
563 4059 697 4124 Exilium,
714 4080 741 4130 p.
759 4062 821 4114 314.
841 4060 890 4115 Ed.
910 4062 980 4113 ltter.
1005 4070 1031 4112 et
1049 4058 1134 4112 Lexic.
1162 4056 1308 4113 turiurum
1333 4076 1364 4110 cx

312 4145 507 4198 Briss.llotom.
525 4145 621 4197 Pratei.
641 4155 667 4197 et
681 4144 988 4214 Cuiac.(Genes.1615.
1006 4144 1046 4213 8.)
1065 4165 1087 4197 v.
1097 4143 1217 4195 Exilium
1229 4163 1254 4213 p.
1262 4147 1315 4198 446
1325 4163 1365 4213 sq.

315 4234 403 4289 Eustat
420 4230 555 4287 Plutarchi
574 4231 606 4284 de
624 4231 708 4287 Erilio
726 4232 807 4299 liber,
837 4253 917 4304 quern
946 4232 1109 4287 eCrantore
1135 4231 1293 4303 philosopho
1311 4230 1365 4283 sive
