3059 4925
287 450 362 523 354
707 471 872 520 excursus
896 474 929 520 x„

360 631 420 686 Ob.
440 630 610 697 Gitanius
626 628 667 697 (in
687 628 874 684 Conlectaneis
890 630 923 684 ad
941 629 973 681 T.
995 629 1147 686 Lucretium
1166 632 1263 703 [bugd.
1283 633 1342 688 Bat.

290 724 369 775 tots.
389 723 425 788 8.]
455 740 480 790 p.
499 723 564 774 stt:
594 718 770 771 Restituamus
795 716 996 770 Paradoaorum
1026 717 1116 774 locum
1145 718 1341 790 perdifficilem,

291 809 391 879 quique
410 806 507 860 multos
524 805 640 860 exercuit
659 805 728 858 viros
751 805 878 858 eruditos.
933 804 978 860 Ait
1002 803 1111 860 Cicero:
1135 807 1230 877 Atque
1256 817 1288 858 nt
1313 807 1343 859 in

292 914 391 967 inagna
404 895 518 966 familia
536 904 601 946 sunt
618 894 668 945 alii
683 893 831 950 lautiores,
850 903 881 946 ut
900 891 951 944 sibi
969 892 1109 957 videnter,
1126 893 1211 956 servi,
1229 894 1277 944 ssd
1294 902 1342 944 tn-

292 1001 348 1034 men
367 982 456 1041 servi3
475 982 551 1051 poris
569 981 708 1059 stultitiae
725 990 807 1045 sunt,
833 999 900 1051 quoe
917 991 969 1034 etc.
987 980 1023 1033 ita
1042 990 1091 1034 ret.
1108 979 1169 1047 lib.,
1199 979 1249 1033 nisi
1268 982 1342 1052 quod

291 1071 340 1140 pro
357 1071 420 1139 pari
437 1069 547 1123 fecerim
563 1069 655 1137 paris,
674 1069 817 1138 adsumpto
833 1087 862 1133 e,
890 1066 963 1138 quod
982 1067 1040 1134 sine
1057 1067 1140 1121 dubio
1165 1067 1343 1138 perieratiut

288 1176 366 1228 saepe
379 1156 471 1224 alias),
489 1155 562 1227 quod
581 1157 667 1209 statim
685 1155 780 1210 eadem
797 1166 935 1224 exceperat
943 1155 969 1206 id
983 1155 1092 1207 verbnm
1104 1154 1199 1209 littera.
1236 1154 1341 1208 Deinde

289 1244 348 1309 illa,
375 1244 489 1313 quaein
513 1242 623 1313 vulgatis
650 1255 677 1296 et
701 1243 833 1297 veteribus
855 1241 929 1295 libris
954 1241 1024 1295 sarie
1047 1253 1160 1296 eastsnts
1190 1243 1341 1306 Atriam,

291 1342 372 1394 actu,
390 1348 422 1380 ce
440 1340 488 1390 tn,
507 1338 583 1391 acro,
600 1330 701 1394 abieci,
721 1340 751 1382 ut
768 1348 783 1381 e
801 1328 887 1399 glossa
907 1329 1036 1397 prolecta.
1072 1328 1137 1396 Quo
1155 1329 1228 1382 enisa
1236 1329 1341 1382 atriem

292 1436 333 1469 ses
351 1416 409 1482 bic,
428 1417 475 1487 qui
494 1416 563 1468 baud
582 1417 637 1469 scio
656 1435 690 1469 an
710 1415 811 1468 suerint
827 1413 1006 1482 honestiores,
1032 1434 1095 1470 cuer
1113 1415 1247 1487 Ulpianus
1270 1415 1342 1471 LC.

289 1524 335 1558 eos
352 1506 380 1557 in
398 1504 560 1557 mediastinis
578 1514 709 1556 numeret.
746 1502 781 1556 Et
792 1502 1160 1557 utluerinteabonestiorum
1173 1522 1288 1560 numeru
1296 1490 1341 1571 ¹(ea

289 1612 344 1663 quo
357 1602 428 1645 certe
440 1603 517 1645 erant
529 1589 694 1656 columellae,
706 1590 859 1645 cancellarii
876 1609 922 1643 sen
931 1590 1093 1655 tabelliones,
1106 1602 1219 1656 antem
1231 1590 1340 1662 dispen-

289 1694 388 1736 satores
405 1681 469 1748 etc.)
489 1681 553 1733 binc
576 1691 681 1747 tamen,
705 1690 734 1732 ut
758 1697 840 1732 canes
857 1698 872 1732 e
891 1678 1002 1746 balneo,
1032 1679 1148 1751 pellendi
1163 1691 1234 1736 sunt
1269 1680 1340 1733 Sen-

291 1771 371 1823 tentia
391 1779 479 1821 autem
505 1766 656 1839 planissima
676 1786 750 1821 nunc
772 1778 826 1820 ests
861 1765 898 1819 Ut
925 1766 1003 1835 tales,
1029 1768 1156 1839 inquam,
1185 1767 1252 1822 serri
1277 1777 1340 1820 sunt

290 1857 376 1910 stulti:
393 1856 464 1927 paris
481 1854 604 1908 stultitiae
623 1866 699 1920 sunt,
716 1854 742 1907 id
764 1866 817 1920 est,
834 1854 913 1920 item,
932 1873 978 1907 sen
995 1854 1103 1919 itidem,
1127 1873 1174 1908 seu
1192 1853 1340 1910 consimili-

292 1955 334 1998 ter
350 1942 421 1995 stulti
439 1953 513 2008 sunt,
532 1961 601 2013 quos
619 1941 723 1995 tabulae
743 1941 832 2012 pictae
850 1951 899 1994 etc.
917 1941 1030 1996 nimium
1048 1941 1189 1995 delectant.
1201 1959 1262 1996 nam
1274 1940 1338 2012 qnia

290 2029 479 2102 supellectilem
498 2028 596 2082 babent
613 2028 768 2094 lautiorem,
799 2028 906 2099 qnidam
936 2047 964 2080 se
982 2028 1101 2081 efferunt
1125 2027 1154 2079 in
1176 2046 1205 2081 re
1229 2027 1338 2098 publica

291 2119 352 2183 riri,
372 2117 409 2169 uti
429 2117 495 2168 servi
515 2116 542 2168 in
560 2115 659 2168 familia
676 2135 759 2187 opera
779 2116 921 2187 fungentes
938 2115 1090 2170 honestiore
1105 2114 1292 2186 superbiunt·“

361 2205 381 2257 Ι.
400 2201 593 2256 Gruteruss
610 2202 717 2268 „Locus
735 2202 924 2268 vexatissimus,
943 2202 965 2255 si
983 2203 1141 2273 quisquam,
1159 2201 1187 2256 in
1198 2199 1339 2255 Cicerone.

291 2291 345 2343 Nos
363 2288 616 2361 repraesentavimus
634 2289 779 2342 editionem
799 2288 910 2342 Victorii
929 2290 1071 2356 [atricum
1089 2307 1123 2340 ac
1139 2288 1251 2357 topiarii
1266 2289 1340 2341 stal-

289 2380 369 2430 titioe
387 2379 464 2445 auce]
484 2377 602 2449 proxime
621 2376 791 2431 accedentem
806 2374 840 2428 ad
858 2375 1018 2447 exemplaria
1036 2374 1140 2430 calerno
1159 2385 1275 2428 esarata:
1294 2374 1339 2428 cui

290 2478 316 2520 et
341 2466 525 2538 acquiescebat
549 2464 717 2519 Gulielmius.
762 2462 847 2517 Aldus
876 2482 962 2535 nepos
986 2464 1099 2535 pedibus
1127 2462 1184 2521 ibat
1214 2465 1242 2516 in
1271 2482 1341 2517 con·

288 2555 417 2609 iecturam
434 2553 550 2619 cinnii,
570 2553 634 2621 [rid.
652 2551 714 2605 Aldi
732 2561 825 2605 annot.
844 2550 873 2604 in
892 2552 1079 2616 annotatione,
1102 2569 1173 2622 quae
1197 2550 1276 2604 babet
1294 2568 1340 2602 va-

289 2641 408 2694 rietatem
427 2639 586 2707 Codicum,]
617 2658 699 2711 quam
724 2638 848 2706 expressit
871 2638 899 2690 ie
926 2639 996 2692 notis
1017 2640 1072 2692 suis
1094 2637 1245 2703 Sullridus,
1270 2656 1339 2709 qrsae

289 2726 433 2779 rideantur.
469 2726 527 2797 Ego
545 2737 604 2795 post
622 2737 660 2779 tot
677 2723 775 2778 ariolos
793 2723 920 2794 capillum
938 2744 994 2778 non
1012 2725 1145 2781 dimitrot‘

334 2844 339 2852 ·
360 2810 381 2866 l.
398 2810 432 2866 G.
451 2810 639 2866 Graeviuss
666 2810 756 2879 „Cum
781 2811 809 2865 in
827 2811 982 2866 Victoriana
1012 2824 1039 2868 et
1057 2812 1217 2867 Gruteriena
1235 2813 1341 2883 lqatm

289 2901 346 2955 sine
363 2900 493 2955 sententia
510 2903 641 2954 atrienses
659 2918 693 2952 oc
714 2899 825 2970 topiarii
842 2900 980 2952 stultitiae
999 2918 1080 2966 snos,
1100 2921 1166 2973 quoe
1185 2902 1264 2973 signa
1282 2931 1317 2945 -
1327 2922 1337 2961 ,-

289 3007 340 3042 nec
358 2988 452 3042 melius
469 2990 498 3042 in
516 2990 617 3058 optima
636 2987 742 3058 Langiis
759 2987 840 3040 serni.
886 2988 1029 3041 Atriemes
1055 3008 1088 3040 uc
1112 2998 1145 3041 tu
1160 2990 1226 3058 pori
1242 2989 1341 3040 stulti-

289 3076 331 3127 tia
348 3086 427 3140 sunt,
448 3085 561 3146 unaque
582 3086 670 3129 tamen
689 3074 795 3145 vestigia
814 3092 890 3128 verse
914 3074 1037 3130 lectionis
1061 3076 1189 3142 retineat,
1215 3075 1340 3146 rescripsi

288 3181 317 3216 es
336 3174 465 3234 unaque:
484 3162 570 3228 servi,
589 3163 719 3215 atrienses
736 3179 771 3213 ee
789 3162 914 3232 topiarii,
936 3164 1002 3232 pori
1019 3163 1144 3217 stultitia
1161 3172 1242 3219 sunt,
1269 3182 1337 3234 quos

287 3251 379 3321 signa.
399 3268 464 3321 qnos
483 3248 594 3303 tabulas
612 3262 662 3306 etc.
696 3250 752 3304 Hae
771 3250 840 3305 duae
859 3269 936 3305 voces
952 3252 1064 3322 topiarii
1081 3262 1108 3305 et
1122 3251 1201 3320 pori,
1226 3260 1339 3320 propter

288 3335 392 3390 easdem
411 3335 511 3390 litteras
527 3355 623 3390 vocum
638 3337 722 3406 pierii
739 3347 767 3391 et
781 3337 860 3406 pari,
878 3356 957 3392 causa
975 3339 1085 3393 luerunt
1103 3349 1191 3397 tantae
1208 3338 1337 3408 deprava-

288 3424 374 3478 tionis.
411 3422 441 3475 ln
459 3422 517 3477 aliis
535 3422 680 3478 (lodicibus
700 3424 835 3495 perierant
853 3426 981 3495 topiarii,
1006 3437 1037 3479 ut
1060 3445 1089 3478 es
1107 3425 1244 3495 Largiana
1270 3414 1340 3477 con-⁸

289 3521 353 3577 stat,
371 3513 399 3563 in
418 3510 476 3564 aliis
492 3511 570 3580 pari,
588 3524 619 3566 ut
635 3512 662 3564 in
685 3513 846 3571 Victoriana.
883 3513 919 3567 Es
938 3525 1151 3584 utroqueversus
1166 3511 1337 3582 scripturam,

289 3609 319 3651 ut
337 3597 470 3663 existimo,
497 3597 542 3652 bic
566 3601 728 3655 restituimus
750 3615 778 3657 et
804 3602 999 3674 resposuimus,
1031 3599 1118 3655 deleto
1146 3616 1255 3671 quoque
1275 3617 1336 3651 cum

290 3684 391 3755 Langio
410 3686 490 3739 verbo
508 3687 655 3740 stultorum
679 3689 752 3761 [poet
772 3690 897 3762 sensilia]
921 3709 990 3762 quae
1015 3686 1177 3760 ineptissime
1204 3685 1337 3741 inculcata

290 3771 340 3824 luit
358 3790 372 3823 a
392 3771 506 3827 librariis
523 3785 550 3827 et
566 3775 712 3830 editoribus
730 3778 757 3830 in
777 3778 853 3832 initio
871 3778 984 3851 periodi.
1029 3775 1111 3844 Quod
1131 3774 1241 3829 obducit
1258 3773 1336 3827 Gita-

288 3857 348 3912 niue
367 3860 498 3912 atrienses
516 3880 572 3914 non
590 3863 669 3917 luisse
687 3883 775 3917 cervos
791 3863 956 3919 honestiores
982 3865 1039 3919 aliis
1057 3864 1163 3931 dicens,
1189 3863 1252 3934 quia
1278 3880 1337 3915 me·

289 3944 407 3999 diaetinis
424 3962 624 4016 accenseantur,
642 3952 668 4003 id
685 3969 747 4004 reru
762 3963 801 4006 est
818 3951 894 4006 [utils
911 3963 939 4006 et
955 3952 1057 4005 dudum
1065 3952 1200 4024 explosum
1221 3971 1236 4004 a
1255 3950 1337 4005 Lsur.

287 4031 417 4102 Pignorio
439 4032 467 4086 in
486 4033 689 4091 Commentario
715 4038 749 4091 de
774 4037 890 4092 sente‘
938 4040 973 4105 [v.
999 4039 1157 4109 pignorium
1181 4039 1215 4093 de
1239 4037 1338 4104 Sertis,
1450 4036 1456 4049 “

287 4118 339 4177 Ed,
359 4119 443 4173 Amet.
462 4123 540 4175 tote
559 4125 602 4175 12.
621 4143 647 4193 p.
665 4128 720 4179 458
736 4128 789 4196 sq.]

327 4288 330 4293 ⁴
356 4206 388 4258 T.
409 4206 538 4276 Popma
558 4209 598 4277 (in
610 4208 678 4264 libro
689 4212 721 4263 de
740 4214 829 4284 operis
847 4204 992 4282 scirorum,
1012 4234 1037 4286 p.
1048 4217 1151 4286 dtsqq.
1186 4214 1234 4267 Ed.
1250 4212 1339 4267 Amat.
