3059 4925
305 451 412 527 xxrnr
470 480 710 529 incursorum
735 481 777 526 so
806 479 975 527 crcuuours
1001 482 1186 529 rsrsooxs.

305 640 375 691 rides
392 640 568 711 suspicionem
588 651 673 692 ortam
692 657 748 691 esse
767 658 795 691 ex
816 657 893 709 prsra
913 640 1058 693 multorum
1084 640 1213 694 librorum
1240 643 1353 697 lectione

304 727 331 779 in
358 728 515 791 Prooemio,
546 728 592 779 ulsi
619 747 696 780 nunc
717 738 790 782 recte
821 727 918 797 legitur
940 728 971 778 in
1005 739 1186 797 acceptum
1205 740 1237 780 ut
1263 731 1354 799 refe-

300 834 369 868 ror.
413 816 537 881 Accedit,
571 815 643 887 quod
675 816 703 867 in
730 816 824 868 eodem
844 815 983 885 prooemio
1009 815 1139 887 significat
1165 816 1221 887 ipse
1246 815 1351 881 Cicero,

303 903 418 974 proferri
433 922 462 955 se
481 902 546 955 velle
562 903 591 955 in
609 903 697 956 lucem
716 904 756 966 id,
776 904 848 975 quod
867 903 919 955 hoc
937 902 1027 956 libello
1046 904 1188 956 scribendo
1206 902 1352 956 tentaverit

301 991 422 1061 Ipsorum
441 1001 531 1042 autem
550 988 703 1043 Stoicorum
717 983 756 1044 'do
775 992 814 1044 liis
828 991 966 1061 paradoxis
982 991 1125 1044 sententias
1144 991 1272 1056 laudatio
1291 988 1352 1041 Ma·

302 1077 466 1130 nuduetione
492 1077 526 1129 ad
550 1077 748 1149 Philosophiam
778 1079 895 1132 Stoicam
919 1079 948 1131 L.
967 1078 1012 1131 tlt.
1038 1079 1106 1131 Diss'.
1124 1078 1156 1131 ll.
1183 1098 1208 1149 p.
1225 1082 1289 1130 7⁵0.
1309 1077 1351 1130 ed.

302 1164 404 1228 vesal,
424 1184 538 1235 quarum
556 1166 623 1218 duas
639 1165 826 1233 Graecorum,
864 1186 944 1219 unam
969 1166 1085 1219 hominis
1103 1166 1218 1217 Romani
1246 1164 1352 1218 adelam.

302 1251 444 1323 Chrysippi
464 1253 536 1305 enim
553 1254 590 1306 ibi
602 1252 801 1307 lsaecallertde
818 1250 990 1323 παραδῦξοις·
1009 1248 1061 1305 Aso'
1079 1256 1124 1304 sul
1140 1249 1188 1304 dod
1206 1248 1255 1319 τήν
1273 1248 1352 1320 ὕπερ·

300 1336 381 1406 βολήν
400 1341 446 1389 τοῦ
463 1360 491 1391 τε
509 1345 637 1405 μεγέθσνς
655 1344 764 1394 καὶτοῦ
783 1341 894 1399 κάλλους
911 1338 1047 1402 πλάσμασι
1066 1342 1193 1401 δοκοῦμεν
1217 1334 1291 1400 ὅμοια
1309 1342 1351 1391 li·

300 1446 368 1490 rnr,
385 1431 429 1477 sul
444 1425 478 1477 ου’
492 1424 553 1478 κατ’
567 1426 711 1497 s'irdpomos
726 1433 771 1480 καὶ
788 1424 836 1496 tris
855 1426 1025 1498 ἀνθρωπίνην
1038 1429 1130 1490 φύσης
1147 1426 1284 1480 Cleanthis
1301 1445 1350 1479 au·

302 1524 369 1566 tems
389 1515 525 1583 παράδοξα
537 1518 593 1578 μὶν,
613 1513 646 1567 oti
661 1513 714 1585 μήν
733 1513 881 1585 παράλογα.
916 1516 954 1567 Es
973 1516 1092 1570 Senecae
1111 1527 1200 1569 autem
1218 1515 1251 1568 de
1263 1514 1350 1566 Bene·

300 1603 366 1658 siclis
383 1602 453 1656 libro
472 1604 504 1670 ll,
524 1606 568 1657 35.
587 1602 665 1658 haec:
691 1607 720 1657 A
743 1604 937 1656 consuetudine
963 1605 1111 1675 quaedam,
1137 1620 1207 1674 quae
1231 1602 1350 1663 dicimus,

301 1689 462 1743 obhorrent:
493 1691 585 1744 deinde
612 1691 671 1741 alia
693 1690 740 1743 νέα
757 1690 798 1741 asl
815 1692 1036 1743 consuetudinem
1061 1691 1182 1743 redeunt.
1224 1686 1349 1740 Ceterum

300 1776 381 1847 longe
407 1780 535 1831 maiorum
560 1778 641 1831 luisse
667 1778 868 1832 Paradosorum
900 1777 1053 1831 Stoicorum
1082 1795 1238 1837 numerum,
1268 1794 1349 1844 quam

301 1884 370 1935 quae
387 1865 492 1919 libellus
510 1876 600 1918 noster
619 1868 739 1937 exponit,
758 1878 853 1919 notum
872 1876 919 1918 est.
962 1865 1050 1917 Pauca
1073 1875 1191 1927 tantum,
1211 1881 1299 1931 oeque
1317 1882 1349 1916 ea

302 1954 461 2023 praecipue,
479 1953 626 2006 tractavisse
644 1952 821 2015 Ciceronem,
843 1954 927 2021 idque
946 1970 1001 2002 non
1018 1948 1169 2019 philosophi
1188 1948 1234 2002 sed
1259 1962 1349 2001 orato-

301 2040 336 2092 ris
355 2041 452 2105 modo,
471 2041 536 2094 dicit
553 2039 656 2109 Lipsius
672 2039 691 2089 l.
709 2059 732 2091 r„
752 2060 777 2109 p.
796 2040 893 2107 TW).
928 2038 1107 2109 Hieronymus
1123 2049 1213 2090 autern
1232 2037 1349 2092 Wolfsus

302 2126 452 2190 contendit,
471 2127 538 2178 haec
556 2125 721 2195 potissimum
741 2125 868 2195 delegisse
886 2124 1062 2191 Ciceronem,
1092 2125 1170 2198 quia,
1195 2126 1239 2177 lrr's
1264 2126 1348 2195 probe

301 2213 427 2282 cognitis,
453 2212 554 2283 reliqua
581 2213 739 2266 existimaret
761 2214 882 2267 lanitium
904 2234 960 2267 esse
982 2215 1073 2266 omnis
1089 2225 1118 2266 et
1144 2214 1177 2266 ad
1198 2212 1349 2283 intelligen-

301 2300 364 2353 dum
383 2299 543 2371 expeditiora
553 2300 599 2371 ⁴¹⁴).
647 2301 774 2373 Disputat
798 2315 886 2355 autem
905 2303 925 2355 Ι.
944 2302 1048 2372 Lipsius
1068 2301 1100 2353 de
1119 2300 1210 2371 viginti
1229 2301 1348 2372 quinque

301 2387 415 2458 amplius
432 2387 588 2450 paradoxis,
607 2407 662 2440 non
680 2390 784 2443 omneis
801 2391 846 2456 iis,
863 2409 934 2462 quine
950 2388 1049 2442 Cicero
1068 2388 1195 2450 tractavit,
1213 2388 1348 2440 omnium·

301 2496 354 2548 que
371 2487 398 2531 et
417 2475 505 2528 sedem
526 2486 555 2529 et
571 2477 731 2531 senteutiam
758 2480 866 2550 exponit
883 2479 901 2530 l.
920 2498 942 2530 c.
962 2478 1029 2530 Diss.
1046 2476 1190 2529 ll-XXl.
1211 2496 1237 2545 p.
1256 2478 1348 2529 ⁶13-

301 2569 362 2619 821.
406 2563 440 2617 Et
461 2564 496 2615 de
519 2566 608 2632 primo
634 2565 743 2635 quidam
764 2587 800 2621 ac
818 2567 932 2618 seeundo
950 2566 1070 2637 loquitur
1095 2565 1123 2615 L.
1144 2564 1174 2618 ll.
1200 2563 1347 2616 95111111.-

299 2673 328 2723 p.
346 2654 512 2706 tet-732
529 2651 560 2703 L.
579 2650 623 2705 lll.
640 2652 709 2705 Diss.
725 2656 760 2706 X.
778 2676 807 2725 p.
826 2657 997 2716 stt-7193
1017 2653 1050 2704 de
1069 2653 1149 2703 tentio
1166 2650 1196 2701 L.
1214 2648 1260 2704 lll.
1280 2649 1348 2703 Diss.

202 2801 204 2804 y
300 2739 373 2793 XXl.
400 2759 426 2809 p.
443 2740 616 2802 suti-8083
648 2738 807 2811 dequarlo
836 2743 872 2795 it.
897 2742 966 2793 Diss.
984 2742 1045 2793 XX.
1073 2759 1097 2808 p.
1115 2740 1284 2801 sos—8⁰6,
1316 2737 1348 2789 de

289 2827 396 2896 ‘quinto
422 2823 569 2890 Dissxtl,
595 2845 620 2894 p.
639 2829 808 2894 tes-7653
840 2831 876 2882 de
901 2839 979 2881 sesso
1006 2827 1123 2897 denique
1145 2825 1181 2877 ib.
1209 2823 1279 2879 Dias.
1302 2822 1347 2888 xl,
1404 2822 1406 2827 ’

308 2954 512 2969 —n——n--nnd-——n

371 3036 399 3099 *)
418 3031 736 3103 Morgcnsternius,
757 3046 850 3087 contra
868 3034 948 3105 Lipsii
968 3031 1133 3097 sententiam,
1157 3031 1260 3103 potiora
1281 3049 1348 3083 oon-

302 3100 384 3158 tendit
404 3103 562 3156 Ciceronem
582 3104 703 3174 elegisse:
720 3105 795 3176 quod
810 3105 874 3157 milri
893 3124 1006 3176 quoque
1025 3105 1137 3156 videtur.

353 3177 394 3241 **)
414 3175 504 3227 Refert
522 3175 592 3227 idem
611 3174 742 3238 Woffsus,
769 3177 924 3246 scripsisse,
943 3178 977 3228 ad
1002 3175 1177 3228 imitationem
1202 3172 1347 3234 Ciceronis,

300 3246 409 3313 doctum
421 3245 554 3317 quendam
565 3244 669 3311 Italum,
680 3246 795 3301 Brand
804 3266 820 3300 o
828 3248 836 3299 l
845 3249 853 3300 i
863 3268 879 3300 u
887 3268 906 3299 u
914 3267 940 3299 m
953 3247 1069 3318 Lippum
1079 3247 1137 3316 [qui
1156 3245 1206 3297 fuit
1215 3242 1347 3294 Florenti-

302 3316 770 3383 nus,Romaemonuus'a.14ttS,
798 3330 869 3388 peste
888 3319 1053 3388 absumptus]
1080 3328 1180 3386 septem
1200 3312 1347 3364 Paradoxa

303 3389 471 3450 Christiana,
499 3407 614 3458 quorum
644 3388 693 3441 tria
720 3389 809 3459 priora
837 3400 910 3441 sunt:
951 3387 1110 3457 Diligendos
1138 3403 1195 3436 esse
1221 3383 1347 3434 inimicos.

301 3463 417 3510 Mortem
428 3460 542 3527 flagitio
556 3476 614 3509 esse
633 3461 852 3526 anteponendam.
890 3458 1001 3508 Nullam
1019 3459 1047 3506 r'n
1065 3457 1117 3505 hoc
1134 3455 1192 3506 vito
1211 3471 1267 3503 esse
1278 3451 1347 3520 seli·

298 3531 418 3579 eleutero.
452 3527 536 3580 Addit
550 3527 632 3592 ideas,
650 3529 718 3580 dnos
736 3530 805 3580 viros
822 3528 915 3581 doctos
933 3539 1026 3580 contra
1040 3524 1199 3579 Uononem
1215 3521 1348 3591 scripsisse

302 3599 526 3666 Antipomrloxa:
548 3599 627 3651 Vitu
635 3619 662 3650 rn
674 3599 697 3651 Α
707 3618 732 3650 m
741 3619 755 3651 e
764 3619 799 3666 rp
807 3618 821 3650 a
830 3599 908 3652 chiu
917 3618 943 3649 m
955 3598 1013 3668 [qui
1022 3596 1128 3667 scripsit
1139 3595 1217 3647 etiarn
1230 3594 1347 3645 Enarra-

302 3670 386 3722 tiones
404 3666 535 3721 librorum
554 3669 586 3720 de
605 3669 723 3736 Officiis,
750 3669 828 3722 Basil.
849 3669 964 3738 Oporin.
984 3671 1061 3721 1548.
1080 3668 1131 3734 8.],
1151 3666 1254 3719 brevius
1272 3662 1347 3716 illum

302 3739 409 3810 quidem
431 3751 455 3791 et
470 3739 625 3804 adstrictius,
643 3739 688 3792 sed
708 3740 841 3792 nervosius
860 3751 886 3791 et
904 3738 1049 3792 ellicacius:
1069 3751 1095 3791 et
1107 3736 1144 3788 Μ.
1157 3736 1347 3788 Antonium

301 3810 541 3880 Maioragium,
559 3810 642 3863 lusius
657 3821 682 3862 et
700 3811 841 3880 copiosius,
860 3810 903 3861 sed
925 3811 1007 3880 magis
1025 3811 1057 3862 ad
1077 3809 1175 3879 ingenii
1194 3804 1347 3860 ostentatio-

301 3899 374 3945 nem,
394 3900 474 3951 quam
488 3882 520 3933 od
532 3893 619 3935 tantae
630 3883 823 3935 controversiae
834 3881 1034 3950 explicationem
1044 3881 1210 3950 diligentem.
1219 3879 1256 3944 [A
1265 3896 1291 3927 rn
1300 3893 1348 3926 er-

302 3971 340 4020 pa
350 3951 420 4004 chii
441 3954 650 4020 Antiparadoxo
662 3953 820 4022 prodierunt
831 3953 998 4023 Argentorati
1016 3973 1040 4005 a.
1051 3957 1128 4006 1541.
1146 3955 1179 4013 8.,
1200 3949 1348 4002 Maiora·

303 4022 352 4093 gii
366 4033 453 4074 autem
464 4023 596 4092 Lugduni,
616 4044 639 4076 a.
650 4028 728 4078 1546.
764 4023 814 4076 llic
830 4043 891 4076 vero
908 4041 939 4076 eo
956 4024 1063 4075 nomine
1077 4019 1348 4091 graviterreprelren·

304 4113 347 4145 sus
365 4104 402 4145 est
423 4113 436 4144 a
457 4092 568 4145 Mario
588 4094 725 4146 Nizolio
744 4095 771 4145 in
788 4094 918 4164 Epistola,
939 4114 1018 4164 quam
1039 4094 1095 4163 lege
1106 4093 1139 4144 sis
1152 4093 1178 4144 in
1191 4092 1348 4142 Collectione

304 4163 488 4232 Epistularum
507 4165 696 4235 Marq.'Gudir'
713 4175 739 4215 st
759 4165 867 4216 Claudii
884 4166 1016 4230 Serrani,
1034 4182 1113 4236 quam
1125 4163 1206 4216 edidit
1224 4163 1253 4214 P.
1266 4161 1348 4213 Bur-

305 4253 464 4302 mannus,
483 4234 571 4304 llagae
591 4233 667 4286 Com.
687 4238 764 4287 1714.
785 4238 810 4287 4.
830 4256 855 4306 ρ.
877 4239 1051 4303 m-ml
1096 4234 1153 4304 Ego
1179 4245 1271 4286 neutra
1290 4229 1347 4282 ridi.
