3059 4925
306 457 378 534 tet
626 483 803 533 rtrsuoxt
831 482 1026 533 arurcutrr.

299 642 366 698 baec
393 643 501 696 consilia
528 641 646 714 prolecta
671 653 757 696 erent.
808 642 875 696 Nam
905 654 1027 715 potuerat
1053 643 1162 714 quidem
1189 643 1350 700 Ciceronem

299 730 465 797 interficere,
497 731 542 783 sed
565 728 637 783 baed
655 730 752 783 iniuria
777 730 810 783 ed
836 748 935 802 cerpus
958 731 1122 803 pertinebat,
1152 750 1204 785 nec
1226 752 1289 786 sero
1316 736 1349 788 ed
1409 781 1413 788 .

299 828 432 884 mentem,
461 818 535 871 unde
563 816 608 895 ille
634 817 743 871 consilia
768 817 928 872 ssurerant.“
959 820 1136 889 Wyttenb.
1154 847 1189 859 -
1237 820 1349 875 conten

298 907 379 977 Borg.
398 905 432 958 ad
450 905 614 958 locutionem
634 903 691 958 Cic.
710 904 759 958 Or.
775 925 825 976 pro
845 905 933 959 Rebir.
952 907 1057 972 Pomss,
1068 910 1110 961 19.
1128 909 1175 960 ubi
1194 920 1232 962 est
1251 930 1348 981 qno-

297 1006 406 1055 sternte,¹
431 1005 458 1047 et
476 993 535 1046 Dis.
555 993 583 1047 ia
607 991 707 1047 caecil.
725 997 764 1047 b:
794 993 839 1046 ubi
863 1004 902 1046 est
919 995 963 1046 leis
985 995 1162 1048 invitissimis·
1180 1024 1214 1035 -
1263 995 1346 1063 Quod

298 1101 359 1135 vero
378 1079 474 1134 Cicero
493 1081 525 1132 de
552 1098 579 1132 se
596 1080 655 1152 ipsu
681 1078 795 1151 loquens
822 1082 861 1134 sui
888 1081 971 1134 enimi
991 1082 1109 1133 &maara
1128 1083 1262 1153 praedicet
1277 1103 1346 1137 cuu-

297 1169 428 1234 stantiam,
450 1167 476 1220 id
495 1166 550 1220 noli
569 1167 606 1221 ite
624 1165 789 1238 intelligere,
808 1168 883 1238 quasi
902 1179 955 1221 tam
974 1168 1082 1239 putidus
1100 1169 1181 1223 tuere
1196 1170 1235 1223 sei
1253 1169 1346 1222 lauda·

296 1269 353 1322 tor,
380 1256 486 1328 qualem
512 1275 562 1309 nos
591 1255 758 1320 diceremus,
792 1255 813 1307 si
838 1257 991 1327 germanice
1020 1275 1096 1309 suem
1131 1256 1346 1329 qualemcunque

297 1346 418 1400 virtutem
437 1344 532 1415 aliquis
549 1362 610 1399 cum
629 1343 715 1396 divine
743 1342 819 1414 quusi
845 1343 1008 1397 contendere
1027 1362 1103 1414 posse
1121 1344 1230 1398 diceret.
1275 1345 1345 1398 Nilril

297 1432 368 1485 eliud
390 1432 458 1498 vult,
487 1450 569 1504 quam
593 1428 667 1503 quud
687 1451 736 1485 nos
759 1430 932 1503 intelligimus
959 1431 1111 1494 insolitum,
1141 1431 1211 1485 baud
1238 1432 1344 1503 vulgare

296 1520 350 1585 rei,
375 1521 396 1573 si
421 1520 507 1593 placet
531 1518 719 1590 magnificem:
745 1519 821 1573 cuius
847 1538 910 1572 usus
931 1519 1049 1591 eremple
1075 1518 1115 1572 rel
1133 1518 1225 1573 Lerice
1246 1540 1344 1592 suppe-

296 1608 387 1663 ditent
422 1608 483 1662 Mr.

365 1696 390 1747 si
407 1696 484 1748 illurn
502 1708 627 1761 mentem,
646 1697 718 1748 unde
738 1724 770 1735 -
789 1697 964 1763 menarum]
982 1693 1049 1748 cod.
1068 1694 1162 1748 Duisb.
1197 1697 1227 1746 ui
1244 1699 1344 1748 etium

293 1784 369 1835 illam
387 1795 508 1840 mentem,
543 1784 625 1852 Quod
645 1783 670 1836 b.
691 1783 708 1837 Ι.
727 1800 954 1855 supervacaneum
974 1781 1093 1835 additum
1110 1792 1161 1850 est,
1186 1781 1212 1834 id
1228 1783 1255 1835 in
1275 1782 1343 1835 cot.

294 1871 374 1925 Bern.
393 1873 463 1925 male
487 1873 596 1936 excidit,
620 1874 716 1936 etiem,
741 1872 812 1924 inter
838 1872 915 1924 serbe
941 1871 1027 1922 multo
1051 1882 1076 1923 et
1100 1870 1204 1940 wengiu
1230 1881 1257 1923 et
1282 1881 1343 1922 ante

294 1959 360 2015 haec
377 1960 427 2014 Or.
446 1961 465 2012 i.
483 1960 563 2014 babet
582 1962 710 2013 disscisses
729 1978 780 2032 pro
802 1960 952 2012 delevisses.
995 1961 1026 2011 ln
1044 1976 1119 2029 seqq.
1137 1956 1188 2010 Ox.
1207 1978 1231 2025 n.
1261 1958 1342 2009 ornit-

293 2046 324 2101 tit
343 2059 403 2118 pust
419 2049 489 2099 unde
508 2050 582 2098 boec·
618 2048 673 2099 Pru
692 2056 839 2097 manarunt
859 2045 938 2100 babet
965 2044 1023 2098 Cre.
1042 2051 1067 2101 2.
1087 2057 1238 2108 manant,
1263 2045 1342 2097 Drsd.

292 2137 319 2187 1.
339 2137 363 2187 8.
380 2139 406 2187 4.
424 2143 628 2187 manaverunt.
664 2134 743 2202 Quae
761 2144 911 2204 sequuntur
930 2134 1009 2186 verbe
1029 2134 1094 2184 mitt
1112 2120 1263 2203 eripuisses,
1281 2135 1344 2186 reii-

292 2220 327 2273 clt
345 2220 396 2272 tt.
414 2219 558 2273 Bentlcius.
603 2220 686 2275 Recte
710 2232 800 2275 eutem
823 2232 915 2274 monet
940 2219 1042 2275 Gerae.
1068 2238 1123 2272 uon
1150 2221 1292 2274 commode
1312 2240 1341 2272 ea

292 2308 393 2373 omitti,
428 2327 489 2361 cum
514 2309 653 2380 superiore
680 2310 705 2361 ri
731 2309 797 2359 mihi
820 2309 964 2377 eripuisses
988 2308 1042 2360 sint
1071 2308 1232 2374 remotiora,
1260 2326 1340 2379 quarn

293 2407 321 2450 ut
340 2396 419 2450 verba
436 2408 495 2449 turn
513 2416 563 2469 ego
580 2397 714 2468 accepisse
728 2407 780 2450 etc.
799 2395 860 2449 setis
878 2394 994 2448 babeant
1011 2393 1196 2467 oppositionis.
1232 2394 1294 2446 tttr.

361 2493 420 2537 tum
438 2503 486 2556 ego
504 2487 635 2555 accepisse
654 2503 693 2536 me
705 2485 848 2553 confiterer
861 2483 1010 2548 iniuriam-J
1029 2482 1095 2535 Cod.
1113 2485 1170 2537 Cur.
1182 2487 1206 2536 1.
1226 2483 1297 2537 Gud.
1309 2485 1340 2536 Α.

291 2582 317 2624 et
336 2571 413 2625 Drsd.
433 2575 458 2624 1.
476 2572 574 2625 hebent
592 2582 659 2624 tunc
678 2589 729 2643 pre
745 2581 821 2622 tum.-
839 2569 917 2624 mele.
954 2569 1057 2623 Excidit
1072 2589 1120 2643 ege
1138 2572 1166 2625 in
1185 2571 1250 2625 Ori.
1266 2572 1295 2625 E.
1312 2591 1340 2632 ψ.

290 2658 371 2711 Drsd.
391 2664 423 2722 2;
443 2659 470 2711 iu
488 2659 568 2713 Drsd.
589 2665 613 2713 2.
631 2659 757 2713 scribitur
783 2677 823 2710 me
843 2659 984 2726 accepisse.
1027 2657 1164 2712 Omissum
1189 2671 1278 2713 autem
1303 2674 1340 2714 est

291 2763 330 2797 me
348 2745 376 2797 io
395 2745 480 2799 codd.
499 2746 580 2799 Drsd.
599 2749 625 2799 1.
644 2748 670 2803 3.
689 2752 715 2801 4.
759 2747 790 2798 irs
809 2745 880 2799 Gud.
901 2746 1130 2799 escebtiorne
1148 2748 1276 2799 iniuriam
1294 2766 1339 2797 nc-

291 2832 388 2900 cept'sse
404 2834 553 2901 confiterer.
589 2834 643 2887 Pro
663 2834 806 2902 confiterer
824 2842 863 2885 est
875 2832 974 2904 fateor
984 2835 1013 2887 in
1027 2834 1094 2887 eod.
1110 2832 1218 2889 Suerin.
1232 2835 1282 2888 01.
1293 2834 1346 2897 0.;'

286 2918 397 2988 sutem
412 2920 439 2972 in
458 2920 538 2973 Drsd.
557 2925 583 2975 5.
602 2920 667 2975 Ost.
687 2922 706 2973 Ι.
726 2920 760 2973 U.
782 2913 826 2990 ns,
845 2922 873 2974 in
892 2920 951 2975 Cra.
968 2926 993 2973 2.
1010 2923 1164 2991 profiterer,
1182 2924 1210 2975 in
1228 2922 1339 2976 Guett.

284 3008 383 3077 feteat
406 3025 469 3060 curn
494 3007 544 3060 Or.
564 3008 595 3062 N.
647 3010 756 3062 inverso
791 3009 886 3062 ordine
917 3009 1016 3063 babent
1044 3010 1171 3061 iniuriam
1198 3012 1339 3079 confiterer

289 3093 372 3146 codd.
388 3093 469 3147 Drsd.
491 3098 517 3148 1.
537 3095 617 3149 Bern.
637 3096 697 3150 Bes.
715 3094 783 3149 Edd.
803 3096 895 3149 bamb.
914 3107 940 3150 et
961 3096 1058 3150 Coton.
1094 3096 1151 3150 Mc.
1208 3119 1212 3134 ¹

358 3183 414 3234 Sed
436 3185 461 3234 sr'
484 3184 551 3234 hoec
575 3202 624 3236 nec
642 3184 765 3256 fecisti,}
796 3184 864 3237 cod.
889 3183 947 3237 Cre.
969 3190 995 3237 2.
1022 3181 1121 3240 omittit
1142 3187 1203 3248 sed,
1235 3184 1287 3238 Or.
1307 3184 1338 3237 E.

288 3271 385 3324 omittit
401 3271 427 3322 ei
443 3271 522 3336 eaeo,
542 3269 628 3326 Codd.
648 3273 727 3326 Drsd.
745 3275 771 3326 1.
790 3277 858 3328 51.
877 3279 904 3328 5.
931 3273 1030 3327 babent
1047 3292 1100 3326 non
1119 3291 1169 3344 pro
1188 3291 1250 3335 nec,
1274 3291 1336 3325 cum

288 3360 345 3410 Cre.
366 3358 561 3412 susurrio.
597 3364 658 3412 Hoc
677 3381 727 3431 pro
746 3362 812 3413 baec
829 3371 868 3414 est
886 3361 913 3413 in
934 3360 1014 3416 Drsd·
1038 3365 1065 3415 4.
1085 3365 1126 3427 5.,
1152 3360 1280 3413 omisattm
1299 3371 1337 3413 est

287 3463 333 3495 nec
351 3445 379 3497 in
398 3444 477 3497 Drsd.
497 3450 523 3498 2.
561 3444 600 3498 tt
620 3457 781 3501 structuram
799 3448 872 3519 quod
889 3449 982 3502 attinet
1000 3449 1107 3519 (fecisti
1120 3475 1155 3489 -
1170 3451 1288 3518 proruisti
1302 3475 1336 3487 -·

288 3531 389 3595 dedit),
407 3530 438 3583 1².
456 3529 605 3586 Ellendtius
623 3533 650 3586 iu
669 3532 776 3586 Comm.
797 3534 829 3587 de
848 3535 943 3589 formis
960 3535 1175 3589 Enuucietorum
1195 3534 1335 3589 Conditiu·

289 3617 389 3673 nelium
407 3618 436 3670 t..
456 3618 486 3671 L.
502 3619 620 3691 (Regini.
639 3621 728 3675 Pruss.
747 3626 827 3676 1821.
845 3627 886 3689 8.)
904 3644 931 3694 ρ.
950 3627 993 3677 18.
1013 3624 1082 3676 banc
1101 3623 1221 3694 regulam
1236 3621 1336 3693 posuit:

287 3704 483 3767 „Praeteritum
500 3707 646 3761 Praeterito
664 3709 798 3780 iungitur,
830 3730 892 3764 cem
919 3722 1033 3783 utreque
1050 3729 1105 3774 res,
1134 3727 1189 3782 quo
1214 3722 1334 3782 tempore

287 3789 437 3859 loquimur,
456 3793 575 3846 absolute
592 3800 670 3848 ew‘:
690 3798 781 3868 ibique
799 3800 889 3852 laudat
905 3799 984 3853 etiem
1002 3799 1082 3853 Tusc.
1101 3800 1132 3864 ΙΙ,
1152 3803 1197 3864 11,
1216 3804 1265 3853 26:
1283 3800 1337 3850 Sed

287 3876 372 3929 sicubi
388 3878 430 3928 illi
450 3881 555 3949 [po'dtee
573 3882 671 3951 latini]
692 3886 864 3957 deficerent,
880 3889 952 3942 uerti
970 3887 1058 3938 multe
1075 3888 1109 3937 rte
1125 3886 1241 3940 crosno
1278 3883 1335 3936 Mc.

358 3966 475 4018 reditum
492 3969 557 4020 niti
573 3972 720 4040 gloriosum
738 3974 840 4025 iniuria
859 3986 910 4025 tua
928 3973 1028 4041 dedir‚]
1057 3973 1194 4026 scribitur
1211 3982 1263 4023 teo
1288 3972 1336 4022 de-

287 4053 326 4104 dit
343 4054 446 4104 iniuria
468 4056 495 4105 in
522 4055 607 4109 Codri.
635 4057 695 4111 Cre.
713 4065 738 4113 2.
758 4064 783 4113 3.
812 4059 890 4113 Drsd.
909 4065 935 4116 3.
954 4066 979 4115 5.
1000 4061 1072 4116 Gud.
1092 4062 1125 4113 Α.
1150 4061 1191 4127 (in
1218 4078 1273 4131 quo
1298 4069 1335 4111 est

286 4139 418 4192 rerlrlt'tum
437 4160 487 4212 pro
506 4144 635 4217 reditum
653 4144 732 4198 Bern.
753 4146 810 4199 Bes.
830 4147 920 4202 Gueli.
939 4146 1005 4201 Eut
1018 4168 1075 4221 prc.
1088 4149 1168 4203 1115.
1188 4147 1333 4217 CnMegn.

286 4224 359 4280 Man.
385 4247 414 4282 es
437 4229 535 4283 nostris
560 4232 628 4285 Ven.
648 4235 726 4289 1192.
745 4238 823 4290 tate.
848 4236 934 4291 iidlb.
959 4238 1018 4291 Par.
1044 4241 1122 4291 1511.
1143 4240 1221 4291 1512.
1250 4235 1333 4306 bugd.
