3059 4925
296 442 346 517 30
625 468 797 518 rsasnoxs
824 468 1018 518 srorcoauu.

256 603 263 626 ‘
294 638 350 721 qut
365 635 903 732 cortnmrrsopamusaraneam
921 654 965 702 an
980 613 1179 715 uramur,
1196 639 1347 719 quiniou

295 790 412 839 eorum
425 771 547 849 habuit,
572 771 653 836 nihil
674 771 798 838 habere
824 774 938 851 voluit,
962 774 1085 839 similes
1110 791 1183 838 esse
1208 775 1346 842 malint?

297 913 403 990 Atque
426 908 509 972 haec
524 907 666 988 quidem,
691 925 777 990 quae
797 910 899 975 modo
915 912 997 988 linc,
1021 909 1123 975 modo
1139 910 1217 974 illuc
1239 915 1347 977 trans·

276 1016 457 1120 seiruntur,
473 1042 568 1107 facilc
590 1042 708 1110 adduci
720 1017 834 1110 ¹solent
858 1050 894 1110 ut
916 1047 951 1110 in
969 1048 1068 1112 rebus
1085 1046 1182 1112 bonis
1195 1063 1267 1110 asse
1287 1062 1347 1109 na-

297 1184 391 1260 gont:
411 1178 492 1245 illud
507 1183 596 1244 arcte
610 1149 732 1258 tenent,
748 1184 967 1262 accurateque
982 1180 1170 1258 detendunt,
1195 1180 1348 1260 volupta-

293 1321 361 1380 tem
374 1331 447 1380 esse
461 1330 626 1380 summum
643 1299 779 1382 bonum,
812 1313 907 1393 Quae
921 1315 1054 1397 quidem
1066 1315 1148 1380 mihi
1162 1331 1231 1380 vox
1244 1331 1348 1396 pacu-

293 1450 372 1516 dum
397 1449 526 1516 videtur
548 1466 638 1526 esse,
662 1466 730 1513 non
754 1449 939 1551 hominum.
992 1451 1052 1530 Tu,
1078 1468 1179 1532 quum
1199 1451 1257 1515 tihi
1276 1450 1346 1514 sive

293 1586 393 1664 deus,
418 1585 488 1650 sive
508 1587 630 1663 mater,
656 1587 692 1649 ut
716 1585 762 1650 ita
787 1585 910 1663 dicam,
946 1603 1059 1652 rerum
1084 1588 1251 1665 omnium,
1284 1604 1345 1652 na·

294 1727 385 1799 tura,
409 1720 535 1788 dederit
559 1720 717 1797 animum,
747 1738 816 1803 quo
838 1723 920 1786 nihil
946 1725 996 1787 est
1020 1722 1258 1804 praestantius,
1285 1739 1345 1786 nc·

235 1933 241 1940 ,
291 1876 357 1939 que
383 1857 545 1934 divinius,
567 1857 616 1921 sic
637 1860 669 1920 te
694 1856 765 1937 ipse
790 1857 925 1923 abiicies
952 1861 1051 1939 atque
1076 1865 1283 1940 prosternes,
1310 1861 1345 1922 ut

291 1992 372 2058 nihil
403 1992 489 2056 inter
521 1995 554 2055 te
585 1994 684 2071 atque
723 1989 981 2073 quadrupedem
1000 1994 1145 2074 aliquam
1172 1996 1266 2074 putes
1292 1992 1344 2055 in·

292 2128 438 2191 teresse?
499 2124 727 2206 Quisquamne
765 2125 893 2193 honum
924 2133 990 2208 ast,
1030 2128 1119 2210 quod
1154 2146 1222 2195 non
1256 2145 1343 2205 eum,

292 2264 348 2345 qui
373 2263 409 2327 id
434 2261 596 2345 possidet,
631 2259 806 2326 meliorem
842 2262 942 2328 taciti
1006 2264 1047 2331 Ut
1084 2264 1172 2329 enim
1206 2264 1344 2346 quisque

283 2405 341 2467 eet
364 2398 509 2465 maxime
526 2398 608 2465 honi
624 2398 798 2482 particeps,
818 2399 865 2468 ita
878 2396 977 2466 etiam
991 2400 1165 2467 laudabilis
1181 2400 1344 2465 maxime:

290 2553 399 2617 neque
424 2538 475 2599 est
499 2536 603 2601 ullum
628 2536 775 2614 bonum,
808 2537 850 2602 de
877 2555 944 2619 quo
969 2555 1039 2604 non
1064 2538 1110 2616 is,
1146 2538 1203 2620 qui
1227 2537 1261 2601 id
1282 2537 1344 2600 ha·

290 2670 386 2749 beat,
409 2670 546 2734 honeste
573 2672 677 2752 possit
700 2674 846 2753 gloriari.
899 2674 988 2753 Quid
1012 2678 1122 2740 autem
1149 2677 1198 2736 est
1223 2672 1343 2736 horum

289 2808 324 2871 in
360 2807 554 2888 voluptate?
618 2805 837 2874 Melioremne
862 2810 962 2877 eflicit
997 2814 1055 2875 aut
1091 2808 1343 2875 laudabiliorem
1388 2773 1393 2783 ⁴

290 2945 422 3009 virum?
465 2960 508 3008 an
542 2944 716 3025 quisquam
749 2945 784 3009 in
816 2946 984 3027 potiundis
1021 2943 1244 3026 voluptatibus
1268 2943 1342 3023 glo-

289 3078 408 3155 riando
434 3096 507 3143 sese
528 3083 561 3145 et
586 3078 832 3161 praedicatione
850 3079 967 3146 effert?
1008 3080 1108 3161 Atqui
1129 3079 1157 3144 si
1178 3079 1341 3160 voluptas,

291 3232 377 3300 quae
400 3217 618 3299 plurimorum
640 3213 832 3296 patrociniis
863 3215 1069 3294 detenditur,
1095 3216 1129 3279 in
1159 3214 1258 3278 rebus
1279 3212 1341 3273 ho·

290 3353 341 3417 nis
368 3352 521 3418 habenda
541 3369 610 3417 non
633 3356 700 3416 est:
724 3369 851 3434 eaque,
880 3370 947 3434 quc
971 3356 1020 3417 est
1042 3351 1168 3427 maior,
1201 3365 1243 3411 eo
1268 3364 1341 3410 ma·

291 3489 340 3569 gis
370 3491 515 3552 mentem
547 3504 566 3550 e
595 3504 657 3553 sua
696 3488 775 3554 sede
803 3493 836 3554 et
859 3492 945 3554 statu
976 3488 1146 3560 demovet3
1193 3482 1343 3565 proiecto

236 3622 244 3629 ’
290 3622 372 3686 nilril
397 3628 447 3687 est
470 3622 561 3689 aliud
595 3624 681 3690 bene
709 3630 742 3690 et
770 3627 867 3693 beate
903 3626 1015 3690 vivere
1048 3621 1113 3688 nisi
1147 3620 1285 3685 honeste
1310 3624 1343 3685 et

291 3763 380 3825 recte
407 3760 531 3825 vivere.

357 3926 436 3986 Ὅτι
453 3932 552 3997 μόνον
570 3927 715 3998 circadiis*
730 3933 768 3987 ro*
786 3936 909 4002 solda]
959 3930 1116 4001 „Ciceronis
1138 3924 1343 4000 argumentandi

296 4021 424 4087 modum,
449 4020 495 4093 qui
512 4020 631 4074 iuniores
655 4020 765 4076 sortasse
782 4022 934 4078 dialecticos
951 4022 1028 4087 latet,
1052 4020 1123 4092 quod
1148 4036 1210 4073 curn
1236 4014 1344 4069 dicendi

296 4111 363 4165 ilore
384 4108 544 4163 coniunctus
561 4119 612 4175 erl,
631 4107 684 4163 hoc
703 4122 781 4181 pacto
806 4110 834 4163 in
853 4108 1082 4163 ratiocinationem
1101 4106 1264 4176 redigemus:
1292 4101 1345 4155 So-

296 4200 352 4253 lum
370 4199 413 4266 id,
433 4216 488 4271 quo
506 4206 617 4268 accepto
636 4214 712 4249 mens
729 4209 819 4251 nostra
838 4197 995 4269 aequiescii,
1012 4194 1051 4248 nil
1074 4193 1189 4265 amplius
1207 4189 1345 4254 desiderat,
