3059 4925
288 420 312 489 4
419 460 428 472 1
618 440 790 486 rsnrnoxs
820 440 1012 486 srurcoaru.

291 625 329 655 sos
348 599 395 672 τήν
414 599 525 653 monins
543 596 754 664 ἐπονομάζουσιν,
775 599 801 649 id
821 599 856 651 ita
875 598 1079 668 intelligendum
1096 609 1147 663 est,
1167 609 1196 651 ut
1215 599 1340 651 recorde-

290 709 352 744 mur
369 685 545 741 Plutarchum
563 686 590 738 in
610 686 685 738 libris
703 686 837 751 omnibus,
858 704 925 755 quos
943 696 1035 738 contra
1052 685 1158 738 Stoicos
1175 685 1340 755 conscripsit,

290 777 381 829 animo
399 774 489 846 paullo
509 773 642 845 iniquiore
661 773 693 826 ad
713 773 885 827 scribendum
904 773 1055 838 accessisse,
1074 772 1191 842 indeque
1209 771 1292 825 multa
1312 772 1343 823 iis

290 865 448 928 obtrusiuse,
469 877 586 933 quorum
607 860 773 914 contrarium
792 861 949 914 statuebant.
969 859 1027 913 ΜΓ.

361 950 410 1002 Ad
425 952 465 1001 M.
484 948 614 1015 Brutum]
641 947 699 1013 „NL
720 946 812 999 lunius
830 947 929 999 Brutus
950 965 979 998 ex
998 947 1160 1000 nobilissima
1179 945 1279 997 familia
1298 946 1341 996 lu—

290 1039 335 1092 nia
354 1038 436 1091 Bruta
455 1036 600 1101 oriundus,
619 1053 706 1106 equa
725 1034 855 1087 exstiterat
874 1034 1001 1104 antiquus
1017 1033 1062 1087 ille
1080 1035 1108 1086 L.
1126 1033 1217 1087 lunius
1234 1033 1342 1095 Brutus,

291 1126 337 1196 qui
355 1123 534 1195 Tarquinium
551 1121 707 1192 Superbum
725 1137 816 1189 regem
836 1119 979 1191 expulerat.
1014 1121 1065 1174 llic
1085 1130 1189 1183 autem,
1207 1120 1241 1171 ad
1261 1137 1341 1189 quesn

290 1212 387 1265 Cicero
405 1210 471 1263 haec
489 1208 624 1262 Peradoxa
642 1209 754 1279 scripsit,
772 1209 842 1261 idem
864 1220 909 1273 est,
930 1209 976 1279 qui
991 1218 1080 1280 postea
1093 1227 1155 1261 curn
1167 1204 1259 1259 Cassio
1272 1205 1343 1258 aliis-

292 1317 344 1370 que
359 1298 483 1350 adrersus
496 1295 637 1350 Caesarem
653 1295 809 1362 coniuravit,
827 1316 944 1368 eumque
958 1298 985 1348 in
999 1296 1073 1350 curia
1088 1295 1227 1348 interfecit.
1249 1294 1343 1347 Tunc

291 1403 386 1442 recens
400 1387 502 1440 Galliae
518 1385 670 1457 Cisalpinae
688 1404 703 1437 a
721 1383 835 1438 Caesare
854 1385 1004 1456 praelectus
1022 1396 1092 1440 erat..
1122 1383 1164 1436 Ad
1183 1383 1255 1435 hunc
1273 1382 1343 1433 Bru-

291 1487 348 1529 tum
367 1474 463 1527 Ciccro
483 1472 636 1543 complures
659 1471 763 1542 scripsit
788 1472 886 1539 libros,
911 1474 943 1526 de
969 1470 1133 1544 philosophia
1153 1470 1260 1542 quidem
1282 1469 1342 1522 hos:

291 1560 324 1614 de
342 1560 442 1613 Natura
462 1559 601 1624 Deorum,
624 1559 657 1612 de
677 1558 787 1612 Finibus
805 1559 945 1612 Bonorum
965 1571 990 1612 et
1008 1558 1159 1623 Malorum,
1179 1557 1344 1628 Disputatio·

291 1665 339 1700 nee
355 1646 538 1710 Tusculanam
556 1645 704 1699 rhetoricos
722 1657 812 1701 autem
830 1647 954 1713 Brutum,
972 1646 1117 1702 Oratorem
1136 1657 1162 1700 et
1179 1646 1244 1698 haec
1261 1647 1344 1698 Para·

291 1735 365 1788 doxa.
401 1734 462 1786 Vita
481 1733 538 1785 eius
556 1744 636 1787 exstat
657 1735 808 1806 conscripta
834 1735 1017 1789 a'Plutarcho
1042 1737 1112 1787 inter
1130 1734 1204 1785 Vitas
1225 1731 1344 1784 Paralio-

287 1823 356 1876 las.“
377 1821 482 1891 Wytt.
517 1818 615 1875 Cicero
639 1820 672 1873 de
690 1821 776 1875 Bruto
802 1823 867 1893 quid
891 1822 1016 1885 senserit,
1044 1818 1295 1892 significaritetiam
1314 1816 1342 1868 in

291 1908 409 1990 Epistola
423 1906 456 1961 ad
474 1906 512 1961 llll.
526 1905 659 1973 Coelium,
677 1907 800 1961 Aedilem
819 1909 942 1964 cumlem
959 1906 1251 1980 (adFamm.ll.1d.):
1268 1909 1343 1956 Bru-

291 2008 350 2050 tum
367 2015 386 2048 n
404 2013 444 2048 me
461 1996 549 2047 amari
566 1994 706 2064 intelligis.
742 1995 817 2063 Quid
827 2005 869 2047 est
884 2014 991 2061 causae,
1009 2015 1058 2048 cur
1076 1995 1141 2047 mihi
1152 2013 1205 2046 non
1218 1994 1247 2045 in
1261 2001 1342 2061 opta-

186 2093 191 2098 ’
291 2087 328 2138 tis
346 2086 383 2137 sit
400 2083 536 2151 complecti
553 2081 682 2133 bominem
692 2082 837 2149 florentem
853 2092 955 2147 aetate,
973 2082 1076 2152 opibus,
1091 2080 1243 2143 donandus,
1267 2079 1341 2147 inge-

292 2174 344 2236 nio,
361 2170 459 2233 liberis,
474 2168 640 2239 propinquis,
657 2167 794 2235 affinibus,
812 2170 921 2223 antius:
941 2171 1069 2243 collegam
1082 2190 1166 2222 meum
1176 2167 1343 2238 praesertim,

290 2268 318 2309 et
343 2258 372 2308 in
396 2257 456 2326 ipsa
480 2255 586 2324 collegii
611 2254 692 2306 lunda
716 2266 745 2307 et
770 2258 883 2309 scientia
901 2257 1052 2319 zudiosum
1071 2257 1143 2309 mei?
1178 2256 1212 2309 Et
1229 2256 1258 2308 in
1276 2254 1344 2326 Epi-

291 2344 358 2398 stola
376 2343 409 2396 ad
427 2340 595 2396 Dolabellam
613 2340 730 2411 (Famm.
750 2345 798 2410 tx,
816 2344 891 2413 14.):
907 2343 1012 2416 Semper
1030 2346 1133 2404 amavi,
1160 2355 1193 2396 ut
1211 2344 1278 2400 scis,
1301 2348 1342 2396 M.

292 2436 419 2495 Brutum,
433 2440 545 2500 propter
561 2428 619 2481 cius
636 2447 769 2482 summum
786 2431 930 2503 ingenium,
948 2433 1122 2486 suavissimos
1140 2451 1231 2496 mores,
1248 2432 1342 2504 singu-

292 2520 375 2572 larem
395 2518 557 2588 probitatem
582 2527 664 2587 atqus
690 2519 879 2571 constantiam.
916 2518 1043 2574 Ceterum
1062 2520 1161 2572 Brutus
1178 2519 1289 2572 vicissim
1307 2518 1341 2570 ad

292 2605 452 2659 Ciceronem
470 2603 574 2674 scripsit
591 2601 689 2656 librum
708 2603 742 2656 de
761 2605 880 2670 Virtute,
904 2608 980 2660 cuius
998 2606 1128 2660 nonnulla
1146 2606 1274 2677 excerpsit
1290 2605 1342 2658 Se·
1420 2634 1428 2646 ·

292 2712 359 2747 neca
377 2690 493 2745 Consul·
506 2691 538 2743 ad
557 2689 684 2756 Helviam,
704 2695 728 2745 ll.
764 2692 843 2745 Conh
863 2692 919 2747 Cic.
937 2694 1037 2747 Acadd.
1055 2694 1115 2759 l,3.
1152 2693 1235 2760 Quod
1252 2704 1341 2746 autem

291 2776 516 2851 wyttenbachius
540 2794 619 2848 supra
645 2776 764 2830 libellum
784 2789 905 2833 nostrum
924 2782 951 2834 iu
971 2780 1110 2835 rhetoricis
1127 2781 1230 2851 posuit,
1254 2781 1343 2832 minus

292 2877 417 2920 accurate
435 2864 506 2919 dixti.
541 2864 729 2919 Concedamus
747 2867 782 2932 ei,
800 2886 857 2920 non
876 2867 909 2920 ad
926 2867 1110 2943 philosopham
1123 2867 1253 2920 rationem
1266 2887 1343 2922 com·

291 2954 408 3027 positum
428 2971 482 3006 esse
499 2951 572 3006 bunc
590 2952 791 3006 Paradoxorum
808 2954 936 3022 libellum,
959 2956 1004 3009 sed
1023 2956 1138 3008 sormam
1157 2967 1183 3007 et
1201 2954 1341 3009 consilium

292 3041 437 3095 oratoriam
456 3040 546 3112 potius
563 3049 647 3093 artem
667 3058 731 3109 prae
748 3060 776 3093 se
795 3040 875 3108 serre,
897 3041 1055 3114 singulaque
1073 3041 1209 3095 Paradora
1226 3040 1343 3114 singulas

292 3148 347 3183 esse
365 3127 571 3182 declamationes
588 3126 777 3199 orationesque
798 3147 860 3180 eum
880 3130 908 3182 in
926 3130 1009 3183 linem
1027 3131 1198 3202 compositas,
1220 3140 1248 3184 ut
1267 3128 1342 3200 quasi

290 3216 409 3270 oratorio
424 3214 542 3286 quodam
555 3213 676 3282 artificio,
695 3226 725 3269 ut
741 3215 771 3268 in
788 3214 925 3271 rhetorum
943 3218 1039 3273 scholis
1055 3219 1142 3285 fiebat,
1161 3215 1341 3289 philosophiae

289 3302 396 3356 decreta
419 3321 467 3372 per
485 3301 666 3373 eloquentiam
685 3303 719 3356 ad
737 3321 911 3359 communem
934 3318 1041 3378 captum
1062 3305 1279 3361 accommodatae
1303 3304 1341 3356 ri·

290 3389 419 3454 deantur,
450 3409 505 3460 quo
530 3389 565 3441 ad
593 3389 752 3461 popularem
781 3412 887 3446 sensum
914 3394 1050 3464 fidemque
1077 3390 1339 3446 commendarentur.

290 3474 395 3542 Quodsi
413 3474 496 3546 igitur
512 3473 675 3530 rhetoricum
692 3476 793 3530 librum
809 3499 871 3533 eum
887 3482 990 3547 dixeris,
1008 3480 1037 3532 in
1052 3498 1107 3550 quo
1121 3478 1185 3532 artis
1197 3488 1340 3549 praccepta

290 3562 449 3626 truduntur,
476 3560 624 3617 rhetoricus
641 3582 697 3617 non
716 3576 769 3618 est:
798 3567 842 3620 sed
862 3568 882 3621 si
900 3587 962 3621 eum
981 3585 1091 3639 quoque
1107 3564 1207 3620 librum
1224 3562 1340 3617 rhetori·

292 3664 354 3700 cum
373 3647 462 3701 dicere
480 3647 558 3714 libet,
585 3650 631 3720 qui
655 3651 806 3722 exemplum
830 3655 893 3707 artis
916 3654 1065 3708 rhetoricae
1088 3652 1122 3705 ad
1146 3651 1220 3706 locos
1237 3652 1340 3725 aliquot

291 3753 320 3788 ex
338 3733 505 3805 philosophia
525 3736 700 3807 depromptos
717 3740 936 3795 accommodatae
958 3741 1075 3807 exhibet,
1099 3760 1154 3812 quo
1171 3741 1260 3792 minus
1277 3738 1339 3792 rhe-

291 3822 390 3877 toricus
409 3820 513 3876 dicatur
531 3822 731 3878 Paradoxorum
748 3826 869 3895 libellus,
889 3829 953 3882 nihil
971 3829 1098 3900 impedio.
1115 3828 1175 3880 Mr.

362 3910 559 3977 Animadverti,
578 3914 684 3982 Brute]
703 3913 849 3982 „Quatuor
865 3915 928 3969 libri
946 3916 1008 3969 Atdi
1026 3915 1140 3968 Manutii
1158 3914 1277 3984 Nepotis,
1293 3913 1340 3983 qui

291 3993 573 4052 octodecimCodices
591 4000 718 4067 contulit,
745 4002 957 4055 animadvorti.“
988 4002 1115 4055 Gernh.
1135 4031 1168 4040 -
1197 4002 1308 4073 Legitur
1324 4021 1340 4051 ο

292 4087 378 4135 amu
396 4082 424 4135 n
442 4082 510 4139 coa.
528 4084 643 4158 cuetpu.
660 4087 745 4158 (uua.
764 4088 846 4158 ssu).
884 4089 967 4144 auen
984 4072 1114 4160 suspen
1134 4088 1184 4142 οι.
1199 4107 1222 4142 0.
1265 4088 1339 4143 scra

220 4202 228 4219 ο
291 4170 363 4224 bitur
380 4191 440 4243 sepe
458 4173 485 4226 in
504 4173 549 4227 Cr.
568 4177 607 4243 l.,
637 4174 665 4228 in
683 4176 779 4230 'eodem
797 4187 823 4231 et
842 4174 888 4231 Cr.
905 4182 929 4230 2.
949 4179 1102 4231 cothonem.
1139 4176 1234 4230 Monet
1251 4174 1336 4243 Wytt.
