3059 4925
283 435 332 509 20
603 419 782 510 ransnoxi
803 459 1002 508 srorcomm.

285 625 311 674 2.
330 622 356 675 5.
371 624 397 673 4.
417 623 444 673 5.
480 619 588 673 85001οζ
607 618 704 674 Duisb.
721 617 790 671 Edd.
809 618 871 672 Asc.
893 621 973 672 1511.
995 617 1061 671 Ven.
1072 621 1151 674 1514.
1187 618 1253 689 Arg.
1264 621 1343 674 1515.

286 707 434 780 eademque
452 708 482 760 in
501 707 570 760 Edd.
588 707 657 760 Ven.
675 708 755 760 1494.
781 704 886 758 calamo
910 704 1092 776 superscripta
1122 715 1196 767 sunt,
1221 706 1251 757 in
1275 724 1343 758 con-

286 796 360 849 textis
376 793 457 849 babet
476 794 526 847 Ed.
544 794 628 849 Paris.
646 815 667 847 s.
686 813 709 847 a.
746 794 777 846 ln
798 791 857 847 Cre.
877 796 901 845 2.
928 793 1117 865 scriptumest
1143 811 1271 863 eosque
1295 794 1343 844 lo-

288 898 345 935 cos
364 882 459 951 scripsi
476 881 619 946 libentius,
645 881 675 934 in
693 879 751 933 Cra.
769 882 807 942 5.Ι
823 879 962 932 liberius.
1008 879 1101 950 Pergit
1124 877 1193 932 Cod.
1216 878 1297 933 Drsd.
1314 883 1339 934 1.

286 987 355 1042 quae
369 969 522 1037 paradoxo,
538 968 619 1029 Drsd.
631 972 656 1022 5.
677 985 747 1039 quoe
766 967 866 1019 doxa.
883 995 919 1006 -
938 964 1007 1020 Cod.
1026 966 1097 1020 Gud.
1115 966 1149 1019 A.
1168 966 1273 1020 inverso
1294 986 1341 1020 or-

287 1057 349 1110 dine
368 1054 447 1109 habet
465 1054 591 1108 libentius
607 1056 714 1125 scripsi.
749 1055 806 1108 Pro
825 1054 974 1124 appellant,
990 1053 1105 1125 exceptis
1117 1053 1230 1119 duobus,
1249 1072 1343 1107 omncs

286 1144 402 1198 Manutii
421 1143 520 1197 habent
538 1160 607 1213 qnae
625 1142 884 1212 appellantur,
908 1141 1029 1212 itemque
1047 1141 1119 1194 Gud.
1139 1140 1170 1193 Β.
1188 1139 1253 1193 Our.
1272 1140 1292 1193 Ι.
1310 1138 1342 1192 Ν.

289 1230 321 1283 U.
338 1228 397 1284 Cra.
415 1234 440 1284 1.
460 1229 567 1283 Suerin.
585 1229 695 1299 Erlang.
723 1229 765 1296 (in
784 1246 840 1299 quo
857 1227 992 1281 antecedit
1015 1245 1069 1298 quo
1088 1227 1154 1278 milri
1178 1227 1235 1278 ista
1256 1245 1342 1295 pora-

288 1319 368 1382 dosa,
387 1316 485 1371 omisso
504 1316 587 1388 quoe)
605 1316 674 1370 Edd.
694 1313 767 1369 Crat.
774 1315 867 1386 Magn.
885 1315 989 1369 Manut.
1002 1315 1097 1368 Lamb.
1108 1314 1178 1367 flat.
1193 1325 1219 1367 et
1236 1326 1342 1368 nostrae

287 1413 349 1456 ante
368 1402 447 1457 Grut.
472 1414 572 1456 veteres
591 1421 701 1468 omnes,
728 1402 845 1473 exceptis
872 1401 956 1456 Paris.
975 1422 996 1455 s.
1015 1421 1039 1455 a.
1057 1413 1084 1456 et
1110 1401 1237 1456 Darentr.
1262 1406 1342 1458 1515.

290 1490 340 1544 Ox.
357 1511 383 1560 η.
402 1490 481 1544 habet
500 1490 646 1560 appellent,
670 1488 720 1543 Ox.
737 1507 769 1553 ψ.
788 1490 887 1545 omittit
902 1491 983 1544 verba
1009 1509 1079 1563 quae
1103 1490 1253 1561 appellunt.
1294 1488 1342 1542 ln-

288 1576 380 1649 tellige
398 1577 490 1630 Stoici.
526 1576 587 1630 Mr.

357 1665 509 1731 Socratico]
527 1663 565 1717 lta
587 1663 616 1716 in
634 1661 765 1717 Academ.
781 1668 808 1718 4.
825 1683 885 1736 cap.
896 1669 940 1720 44.
972 1669 1044 1718 Sunt
1056 1666 1196 1718 Socratica
1213 1664 1342 1735 pleraque

218 1779 224 1788 ν
289 1750 461 1803 admirabilia
493 1752 654 1817 Stoicorum,
684 1770 754 1823 quae
772 1753 910 1823 παράδοξα
932 1754 1116 1805 nominantur.
1160 1750 1288 1804 Exierunt
1312 1769 1342 1803 ex

289 1836 377 1893 schola
396 1837 530 1905 Socratis,
547 1839 594 1910 qui
612 1839 640 1892 in
659 1840 740 1893 rebus
758 1840 886 1893 omnibus
912 1858 969 1892 non
994 1839 1067 1909 vulgi
1090 1838 1265 1909 opinionem,
1294 1837 1341 1889 sed

289 1925 425 1980 veritatem
445 1936 471 1979 et
488 1924 653 1980 honestatem
673 1927 864 1997 sequebantur.
882 1926 905 1977 F
910 1944 980 1980 acc.
1016 1924 1111 1993 „Quid
1127 1923 1171 1978 alii
1192 1923 1341 1994 philosophi

290 2014 323 2067 de
343 2012 482 2085 paradoxis
496 2011 641 2075 senserint,
669 2011 791 2065 docuisse
810 2010 929 2082 Lipsium
947 2010 1107 2067 Manuduct.
1127 2010 1161 2065 ad
1180 2009 1263 2064 Stoic.
1282 2008 1341 2081 phi·

290 2099 338 2153 los.
354 2102 403 2152 Ill.
421 2099 523 2151 dissert.
542 2099 590 2151 1.“
625 2095 745 2152 Graes.

364 2185 499 2237 Videntur
516 2202 572 2235 esse
589 2185 754 2252 Socratica,]
776 2185 842 2252 „i.e.
863 2186 1012 2258 popularia,
1032 2187 1094 2259 quia
1113 2186 1246 2253 Socrates,
1265 2187 1343 2257 quic-

291 2271 356 2345 quid
373 2270 480 2350 docuit,
497 2269 666 2342 populariter
682 2271 785 2326 docuit.
818 2273 896 2328 Hanc
915 2275 951 2329 ob
970 2294 1093 2342 caumm,
1112 2276 1148 2328 ait
1166 2272 1279 2336 Cicero,
1308 2290 1341 2324 eo

290 2358 427 2413 lubentius
443 2356 509 2412 haec
526 2358 681 2414 Stoicorum
705 2360 838 2430 paradoxa
857 2363 1021 2435 conscripsi,
1048 2373 1074 2415 et
1100 2363 1163 2433 quia
1188 2361 1342 2415 Socraticae

291 2446 389 2502 rationi
407 2446 511 2501 deditus
529 2467 604 2515 sum,
636 2457 663 2501 et
681 2448 744 2520 quia
763 2446 888 2505 Socrates
906 2451 999 2505 eadem
1010 2462 1045 2506 ·et
1063 2450 1153 2505 statuit
1175 2459 1202 2504 et
1226 2447 1342 2520 popula·

290 2537 356 2590 riter
374 2537 511 2600 tractavit,
535 2546 615 2590 uteo
634 2535 821 2591 faciliusmilri
840 2538 873 2593 sit
896 2540 990 2593 eadem
1015 2539 1079 2592 item
1108 2535 1275 2609 populariter
1298 2536 1343 2586 in·

291 2625 459 2695 terpretari.“
495 2623 600 2693 Wytt.

360 2713 486 2783 Accipies
502 2714 590 2782 igitar
607 2714 657 2766 lior
671 2732 788 2783 porrum
807 2717 988 2784 opusculum]
1013 2717 1049 2782 „i.
1066 2736 1089 2770 e.
1115 2715 1193 2769 velim
1218 2712 1340 2783 accipias,

291 2818 348 2855 non
367 2799 519 2871 repudies.“
544 2801 652 2872 Wytt.
688 2803 814 2875 Excerpsi
827 2801 1113 2874 tsnchuenbachii
1130 2801 1341 2864 annotationem,

292 2887 354 2959 quia
372 2886 400 2939 in
420 2886 488 2940 Cod.
507 2897 599 2941 nostro
618 2887 677 2942 Cra.
695 2892 721 2944 5.
738 2900 778 2945 est
794 2892 926 2961 occipias,
956 2891 1028 2963 quod
1054 2890 1166 2943 debetur
1185 2888 1340 2952 correctori,

292 2975 344 3027 vim
363 2974 447 3028 futuri
464 2994 520 3027 non
535 2975 723 3048 intelligentis,
737 2978 778 3031 vel
794 2979 942 3049 interpreti.
979 2978 1053 3031 idem
1072 2996 1134 3031 cum
1153 2973 1226 3029 Gud.
1245 2971 1276 3027 C.
1293 2973 1342 3025 ha·

292 3064 338 3115 bet
350 3079 413 3133 orgo
432 3081 483 3132 pro
500 3062 596 3134 igitur.
643 3062 791 3137 Utriusque
809 3066 881 3121 vocis
898 3065 1059 3137 compendia
1077 3062 1205 3117 similiora
1220 3072 1282 3116 sunt
1299 3061 1341 3114 in-

291 3162 333 3204 ter
350 3166 393 3215 se,
420 3167 501 3219 quam
521 3149 648 3203 vocabula
667 3151 734 3223 ipsa.
776 3152 862 3208 Habet
879 3153 952 3206 idem
974 3152 1053 3206 Drsd.
1072 3155 1099 3206 5.
1134 3150 1166 3203 10
1181 3147 1240 3202 Cre.
1258 3152 1284 3202 1.
1303 3158 1343 3200 est

290 3258 340 3310 go,
359 3236 432 3309 qood
450 3237 538 3309 ipsum
557 3248 596 3291 est
613 3239 805 3310 compendium
825 3242 896 3295 vocis
913 3259 985 3312 ergo.
1021 3240 1052 3293 ln
1072 3237 1132 3292 crs.
1149 3242 1175 3290 2.
1193 3236 1265 3289 deest
1283 3235 1341 3286 lior.

293 3324 361 3379 Cod.
379 3324 460 3378 Bern.
478 3324 558 3378 habet
575 3326 733 3395 opusculum
759 3347 884 3397 parvum.
927 3328 1013 3382 Codd.
1032 3324 1091 3379 crs.
1110 3328 1135 3378 1.
1165 3334 1192 3376 et
1215 3320 1297 3375 Drsd.
1315 3325 1342 3375 5.

287 3411 500 3487 ,10305001οω
520 3412 608 3483 pergit
625 3411 698 3466 Gud.
711 3413 744 3469 A.
763 3415 818 3467 iam
834 3416 889 3468 Isis.
924 3412 992 3467 Cod.
1006 3411 1107 3481 nDuisb.
1124 3410 1167 3463 liis
1185 3411 1240 3461 iam
1258 3417 1343 3460 contr·

291 3508 362 3563 noct,
389 3497 571 3552 lucubratum.
615 3498 687 3553 Gutl.
706 3501 740 3555 A.
765 3501 1021 3563 contractionibus,
1048 3498 1099 3553 Ox.
1114 3515 1145 3562 o.
1170 3494 1324 3550 lucubravi
1331 3515 1342 3556 ,·

292 3587 361 3641 Cod.
380 3585 440 3642 Cra.
457 3590 484 3642 5.
503 3586 620 3659 lriispro
637 3590 689 3645 liis.
724 3590 786 3645 Mr.
1265 3602 1268 3603 ’

361 3679 424 3727 Jam
443 3675 665 3730 contractioribus
680 3678 831 3747 noctibust]
850 3678 982 3746 „Aestivis
998 3674 1146 3731 ddetieet‘t
1163 3671 1254 3743 Xyst.
1271 3668 1341 3722 Bet.

292 3761 330 3828 „i.
348 3780 373 3815 e.
389 3761 429 3815 his
440 3763 564 3816 noctibus
574 3762 627 3815 iam
638 3764 820 3834 brevioribus,
839 3785 930 3823 mense
942 3764 1041 3820 Martio
1054 3762 1093 3816 rel
1105 3758 1221 3832 Aprili.“
1238 3758 1276 3808 W
1284 3777 1300 3826 y
1308 3766 1343 3809 tt.

364 3853 497 3917 majorum
516 3850 681 3921 uigiliarum]
711 3853 896 3916 „Tusculanas
920 3852 1106 3927 quaestiones,
1136 3847 1220 3901 libros
1238 3842 1271 3898 de
1295 3841 1343 3893 Fi·

293 3936 373 3989 nibus
390 3947 416 3988 et
434 3935 468 3988 de
485 3935 585 3990 Natura
604 3937 725 3993 Deorum
745 3941 895 4013 intelligit.“
931 3942 954 3993 F
960 3959 1028 3995 acc.

270 4030 273 4035 ’
363 4023 499 4074 Maiarum
518 4023 673 4096 vigiliarum
696 4032 807 4098 rannus]
833 4030 1031 4099 „Quaestiones
1053 4019 1218 4077 Tusculanas
1244 4015 1343 4071 intelli·

292 4108 356 4179 git.”
370 4109 393 4162 F
399 4128 444 4164 rc.
462 4108 554 4181 sytv.
598 4111 681 4179 Quod
707 4115 878 4172 Fasciolatus
905 4116 1026 4189 scripsit,
1050 4112 1080 4165 in
1098 4129 1131 4163 eo
1149 4107 1270 4179 sequitur
1295 4104 1344 4157 At-

291 4194 356 4249 dum
374 4195 527 4252 Manutium
548 4209 573 4252 tt
597 4198 785 4257 Andomarum
803 4203 941 4258 Talaeum.
985 4198 1156 4274 Borgersiua:
1189 4191 1343 4264 „lustlllssllr
