3059 4925
284 478 359 552 290
619 494 793 546 rrmooxs
819 494 1013 545 sromouou.

287 673 312 715 et
324 679 378 713 uno
399 658 468 713 Atti.
505 658 535 710 ln
550 656 629 709 Drsd.
640 659 665 709 1:
681 667 706 708 et
719 658 744 708 3.
763 664 801 705 est
819 654 949 704 eosdem
965 663 992 704 te
1003 663 1121 707 auctore.
1139 653 1231 726 Pergit
1244 654 1294 711 0¹.
1307 657 1339 713 E.

288 749 468 817 corruptelam
486 745 580 798 iudicii
598 744 672 795 sive
689 763 705 793 o
705 742 731 813 f
729 742 754 811 f
755 740 828 806 ieii,
847 739 893 790 ubi
912 737 992 792 babes
1010 741 1123 810 glossam
1142 741 1181 793 vel
1202 755 1344 797 correcto·

287 838 323 891 ris
341 836 451 889 alicuius
476 832 654 904 suspicionem
683 831 710 882 in
737 838 888 882 contentum
915 838 1058 898 receptam.
1094 826 1159 881 On.
1180 827 1199 881 l.
1219 830 1250 882 N.
1282 850 1341 884 cor-

289 923 422 993 ruptelam
450 920 617 981 iudicum,
647 916 719 988 quod
749 926 788 968 est
816 916 977 985 interpretis.
1031 915 1102 968 Tum
1131 914 1190 969 Cre.
1210 921 1234 970 1.
1262 921 1341 970 mol-

288 1010 393 1063 lientes.
429 1007 487 1060 Mr.
736 1000 743 1014 ⁸

361 1107 425 1147 tuas
446 1095 592 1146 mercedum
608 1094 747 1162 pactiones
774 1091 802 1142 in
825 1091 997 1159 patrociniis]
1048 1093 1123 1143 Tuas
1150 1092 1248 1145 omittit
1275 1091 1345 1146 Cot.

291 1183 341 1238 Οι.
362 1182 381 1234 Ι.
419 1182 449 1234 ln
468 1181 546 1234 Drsd.
565 1186 590 1237 b.
610 1175 648 1234 est
666 1198 751 1231 suas
771 1177 919 1230 mercedum
935 1178 1088 1246 petitiones.
1132 1180 1174 1232 Ad
1200 1199 1256 1232 rem
1282 1181 1344 1234 Fre.

291 1270 409 1341 Sylvius:
429 1269 632 1338 „Corruptelam
651 1268 743 1321 usitate
762 1264 839 1318 dixit:
866 1265 1004 1334 corruptio
1030 1278 1121 1320 eutem
1141 1268 1179 1319 rix
1202 1268 1283 1322 latine
1300 1268 1344 1320 di-

291 1368 374 1411 cetur.
411 1356 448 1409 Ut
465 1356 535 1409 libro
560 1357 592 1410 de
611 1357 725 1428 Legibus
744 1355 851 1420 1.·[12.]
900 1356 992 1405 Tanta
1019 1365 1060 1406 est
1085 1355 1237 1424 corruptela
1255 1356 1344 1408 malae

291 1444 503 1512 consuetudinis,
529 1456 561 1495 ut
581 1444 615 1495 ab
631 1462 665 1494 eo
684 1454 817 1513 tanquam
833 1441 946 1511 igniculi
963 1442 1177 1512 exstinguantur
1194 1460 1212 1493 a
1236 1452 1340 1494 natura

292 1533 379 1585 dati.“
415 1532 456 1584 Ad
469 1550 542 1603 seqq.
559 1531 644 1584 idem:
664 1534 798 1597 „Crassus
817 1529 897 1582 etiam
917 1527 1105 1599 improborum
1124 1528 1263 1581 hominum
1276 1549 1343 1584 cau-

286 1639 332 1673 sas
350 1629 376 1671 et
405 1619 552 1688 patrocinia
579 1618 712 1688 suscipere
730 1615 875 1669 solebat.“.
906 1615 975 1668 Mire
1002 1628 1040 1669 est
1058 1616 1138 1670 lectio
1161 1617 1228 1671 cot.
1246 1618 1341 1673 Duisb.

292 1708 311 1758 d
316 1724 378 1760 uas
397 1706 543 1757 mercedum
558 1707 711 1776 pactiones:
731 1706 778 1758 ubi
791 1706 819 1757 in
833 1723 917 1774 marg.
927 1703 1012 1774 glossa
1028 1715 1067 1757 est
1080 1703 1183 1758 addita:
1202 1706 1341 1774 Duplex

289 1794 381 1865 pactio
406 1794 560 1845 mercedum.
599 1794 684 1846 Docte
708 1792 814 1846 scilicet.
850 1791 942 1862 Pergit
968 1790 1037 1846 cod.
1065 1792 1144 1846 Drsd.
1164 1796 1189 1846 3.
1215 1793 1244 1843 in
1266 1811 1339 1861 pro-

292 1881 436 1945 vinciis,
455 1880 505 1934 Or.
524 1880 556 1933 N.
582 1882 611 1931 in
633 1878 879 1954 patrimoniis.
900 1879 957 1934 Mr.
1005 1881 1177 1946 „Mercedum
1202 1881 1341 1950 pactiones

292 1969 307 2021 i.
326 1987 347 2020 e.
366 1978 395 2020 ut
413 1987 463 2038 pro
482 1968 632 2038 patrocinio
659 1958 685 2021 et
704 1987 782 2021 causa
810 1967 922 2021 alicuius
940 1966 977 2019 rei
1002 1966 1169 2021 defendenda
1188 1966 1340 2021 mercedem

293 2055 440 2127 paciscaris.
477 2055 544 2108 Nam
565 2055 716 2108 mercedem
735 2054 833 2126 pacisci
852 2065 898 2107 sut
916 2054 1037 2125 accipere
1051 2074 1102 2126 pro
1120 2055 1270 2126 patrocinio
1283 2074 1339 2108 non

292 2144 352 2195 setis
376 2143 515 2196 honestum
545 2142 707 2208 habebatur,
739 2161 829 2213 neque
856 2161 976 2212 unquam
1004 2139 1130 2196 lectitavit
1155 2141 1250 2197 Cicero
1277 2151 1341 2195 teste

292 2228 435 2283 Plutarcho
454 2230 483 2283 iu
502 2231 558 2283 eius
577 2231 667 2283 Vits.“
684 2230 859 2300 Wytteub.
1279 2227 1280 2230 ¹

364 2316 509 2369 mercedum
522 2319 674 2386 pactiones]
711 2317 801 2387 „Lege
826 2315 920 2372 Cincio
951 2337 1036 2389 poena
1062 2320 1203 2374 constituta
1232 2332 1287 2374 erat
1312 2320 1339 2373 in

294 2421 352 2469 eos,
374 2402 420 2475 qui
441 2404 555 2474 pecunia
575 2416 601 2456 et
619 2404 788 2476 pactionibus
807 2404 956 2476 patrocinia
975 2401 1159 2461 exercuissem.
1195 2407 1341 2479 Repugna-

292 2495 356 2546 bant
375 2492 453 2545 etism
473 2492 551 2564 patrii
568 2512 673 2558 mores,
693 2492 767 2545 utin
787 2491 805 2545 Ι.
825 2493 850 2545 1.
865 2492 1028 2547 Officiorum
1047 2514 1071 2548 c.
1090 2498 1152 2550 14.“
1187 2493 1210 2545 F
1218 2512 1288 2548 acc.

362 2582 637 2633 intercessiones
652 2580 840 2650 pecuniarum]
867 2580 960 2647 „Libri
978 2600 1073 2634 omnes
1084 2579 1162 2633 MSS.
1180 2579 1279 2633 babent
1296 2580 1340 2631 in-

290 2667 425 2728 tercidus5
454 2667 573 2738 vulgares
598 2669 751 2732 intercisas,
778 2668 851 2738 quod
878 2668 1036 2721 vocabulum
1062 2670 1152 2722 nescio
1176 2669 1221 2719 ubi
1245 2667 1339 2738 legisse

290 2755 419 2809 recordor
437 2754 506 2808 baud
525 2755 643 2809 dissimili
659 2754 860 2826 significatione.
897 2752 953 2821 Qui
970 2755 1045 2808 locus
1063 2754 1126 2826 quia
1146 2752 1339 2819 nouocenrrit,

289 2844 499 2897 intercessionem
517 2844 662 2913 supposui,
690 2842 765 2896 euius
790 2838 946 2911 significatio
961 2841 1005 2896 bic
1027 2858 1082 2896 nou
1108 2841 1194 2895 aliena
1212 2843 1280 2894 esb“
1305 2839 1339 2894 C.
1363 2912 1368 2921 .

256 2926 266 2936 ²
290 2933 394 3003 [rung.
438 2934 623 2996 „intercessus
646 2930 844 2984 emendandum
871 2948 984 2997 censeo,
1012 2929 1124 3001 propius
1149 2928 1279 2983 accedens
1304 2927 1339 2980 ad

291 3017 450 3088 scripturam
470 3029 593 3085 veterem,
612 3037 693 3089 quam
705 3016 830 3088 bangius,
850 3019 896 3088 qui
913 3019 1020 3089 reponit
1037 3018 1245 3081 intercessiones,
1263 3017 1337 3088 quod

290 3104 361 3156 idem
380 3103 475 3158 valet.“
493 3105 645 3160 Lambin.
688 3104 781 3172 „Libri
805 3116 904 3158 veteres
928 3106 1071 3158 intercisas
1098 3114 1144 3158 eut
1171 3105 1337 3157 intercissas.

288 3191 368 3243 Pater
386 3201 447 3243 ante
466 3191 564 3245 multos
577 3211 663 3245 annos
678 3193 865 3263 reponendum
885 3195 984 3264 putavit
999 3192 1209 3245 intercessiones.
1245 3190 1335 3259 Quam

241 3336 246 3345 ¹
290 3277 471 3331 coniecturam
497 3279 568 3332 docti
594 3281 641 3332 viri
667 3282 831 3352 probarunt,
854 3293 880 3335 et
907 3282 956 3334 sibi
982 3280 1070 3346 illam,
1100 3291 1228 3350 tanquam
1254 3298 1337 3342 susm,

289 3365 471 3431 vindicarunt,
491 3365 588 3437 aliique
608 3378 735 3439 tanquam
753 3370 862 3423 illorum
881 3378 1056 3439 agnoverunt.
1091 3366 1223 3420 Usitstum
1242 3377 1280 3419 est
1290 3364 1338 3418 ci-

292 3451 383 3505 cerani
400 3452 511 3505 verbum
531 3454 725 3520 intercedendi,
745 3466 802 3509 tum
822 3456 936 3521 scilicet,
955 3474 1017 3508 cum
1036 3454 1203 3525 spondemus
1220 3473 1270 3506 nos
1287 3452 1338 3505 oli-

292 3539 355 3609 quid
376 3557 426 3609 pro
444 3539 535 3606 aliquo
552 3538 685 3595 soluturos
703 3560 766 3595 esse.
804 3540 872 3594 Phil.
892 3540 924 3607 H,
945 3544 988 3596 1⁸.
1024 3542 1128 3594 Orabat
1145 3541 1240 3594 Curio,
1260 3550 1292 3591 ut
1310 3549 1338 3590 te

290 3635 384 3677 contro
402 3644 481 3678 suum
498 3638 616 3697 patrem,
636 3631 659 3682 si
679 3633 735 3682 HS.
754 3631 878 3700 sexagies
893 3641 1005 3699 peteret,
1023 3630 1206 3701 defenderem:
1226 3639 1337 3680 tanturn

288 3713 358 3764 enim
376 3731 404 3764 se
417 3732 469 3783 pro
487 3725 514 3765 te
533 3717 789 3770 intercessisse
807 3717 920 3770 dicebat.
958 3717 992 3770 Er
1010 3716 1043 3770 ad
1063 3719 1117 3770 Αίί.
1133 3717 1152 3780 Ι,
1173 3719 1218 3770 14:
1237 3717 1337 3769 Arces-

287 3798 352 3850 siuit
371 3798 410 3848 ad
426 3818 468 3864 se,
489 3804 626 3870 promisit,
646 3805 872 3868 intercessit,
898 3804 988 3864 dedit;
1015 3804 1077 3858 etl.
1096 3805 1142 3870 Vl,
1161 3807 1193 3856 l:
1221 3803 1337 3857 Adscri-

288 3884 327 3935 bit
352 3886 435 3935 etiarn
463 3897 490 3937 et
518 3894 598 3960 quasi
624 3893 716 3942 calcar
740 3891 864 3943 admovet
897 3892 1151 3944 intercessisse
1175 3909 1203 3943 se
1227 3909 1277 3960 pro
1302 3893 1337 3943 iis

287 3990 413 4043 magnam
423 3972 579 4039 pecuniam.
616 3977 694 4044 Quae
713 3979 810 4050 partim
831 3980 864 4032 ad
884 3979 957 4032 bunc
969 3979 1039 4031 diem
1051 3968 1189 4032 observate
1201 3997 1256 4030 non
1268 3986 1338 4042 sunt,

287 4057 384 4129 partim
405 4056 537 4113 intellecta
557 4083 712 4133 perperam:
731 4084 793 4119 com
815 4066 945 4136 putaverit
964 4067 1056 4120 nescio
1075 4065 1150 4136 quis,
1168 4064 1338 4127 intercedere,

286 4145 314 4196 in
334 4143 374 4196 his
397 4142 504 4213 quidem
533 4145 612 4214 locis,
639 4168 693 4202 esse
719 4170 770 4221 pro
798 4152 920 4222 rogando
941 4151 1115 4223 impetrare.“
1149 4152 1222 4205 Atel.
1250 4151 1338 4204 Man.

285 4230 314 4282 ln
333 4229 403 4285 banc
423 4231 580 4287 sententiam
600 4236 678 4289 etiam
697 4236 812 4309 disputat
831 4238 944 4305 Peneus,
969 4239 1030 4293 Lex.
1048 4241 1113 4297 crit.
1131 4261 1158 4314 p.
1179 4243 1240 4297 ote.
1259 4260 1283 4294 a.
1311 4249 1338 4291 et
