3059 4925
502 476 700 527 rimooxon
721 479 752 524 v.
783 478 853 525 cir.
878 479 899 524 ι.
1152 453 1226 529 213

179 637 330 711 typotbetse
359 603 480 692 irrorem
511 637 558 690 ovi
582 655 634 707 pro
660 637 720 688 osi:
752 632 928 688 Gerubardus
952 633 1008 687 duo
1041 633 1225 706 interrogandi

174 744 247 814 sigua
267 743 301 795 de
319 761 367 796 suo
385 740 494 795 eddidit.
530 739 598 792 lllud
617 738 663 791 uvi
681 756 743 793 cum
762 739 940 810 exscripserit,
964 739 1035 792 bcee
1058 749 1147 793 umen
1168 760 1223 795 uon

174 829 308 901 asscripsit
324 828 436 882 similem
456 828 484 881 iu
504 827 554 880 Ed.
569 826 718 880 Grserieue
737 842 871 891 errorem,
891 845 946 897 quo
964 826 1060 899 aliquis
1082 828 1163 898 possit
1180 830 1224 881 iu·

175 916 250 980 duci,
281 927 311 969 ut
334 916 426 970 credat
442 915 542 968 Aldum
563 913 637 967 Meu.
666 924 693 966 et
714 913 802 984 ipsum
826 912 918 985 legisse
943 924 970 967 et
995 914 1024 967 iu
1042 915 1222 986 duodeviginti

175 1000 321 1057 codicibus
350 1002 479 1074 reperisse
504 1001 625 1073 referent
648 1020 699 1071 pro
729 1001 866 1072 refrenet,
891 1001 965 1071 quod
989 1001 1110 1073 proximi
1134 1005 1225 1074 sequi·

173 1100 219 1142 tur
235 1089 313 1142 linea.
359 1088 412 1142 Sed
440 1088 539 1143 babent
564 1088 695 1160 quomodo
718 1097 824 1144 autem,
853 1086 951 1141 omisso
970 1089 1026 1152 cui,
1054 1087 1141 1142 Codd,
1158 1088 1223 1143 021.

173 1195 199 1230 a.
217 1193 259 1241 uu,
278 1194 332 1248 quo
349 1176 424 1228 modo
441 1187 559 1228 autem
577 1185 629 1228 aut
647 1175 706 1241 cui,
722 1193 786 1229 cum
805 1185 907 1245 septem
926 1175 978 1228 illis
995 1174 1127 1243 Manutii,
1152 1176 1224 1230 erbi-

173 1256 219 1316 be't
242 1262 310 1317 Cot.
335 1261 394 1316 Cri.
418 1267 458 1328 1.;
490 1263 518 1315 iu
544 1260 603 1316 Cri.
622 1267 650 1317 2.
672 1272 725 1318 est:
761 1262 892 1335 quomodo
920 1273 972 1314 aut
1000 1263 1143 1316 taudem
1171 1267 1240 1323 cui.¹

172 1349 253 1402 Drsd.
269 1354 295 1402 2.
316 1349 394 1404 babet
412 1369 465 1422 quo
484 1351 561 1403 inodo
577 1359 710 1419 potest,
738 1351 789 1421 qui
805 1369 859 1403 nou
872 1360 978 1420 potest,
997 1351 1099 1405 omissis
1122 1353 1224 1414 mediis.

171 1434 252 1490 lind.
271 1439 296 1491 2.
312 1441 342 1492 4.
359 1435 433 1491 Gud.
448 1437 479 1491 Β.
498 1457 552 1511 qua
568 1437 646 1491 modo
661 1437 780 1509 igitur
798 1449 850 1490 aut
867 1438 921 1493 cui.
956 1438 1038 1494 Drsd.
1056 1445 1082 1495 b.
1107 1440 1224 1511 impera·

174 1523 486 1577 bitanimolibero·
520 1523 872 1578 Bsucuiiiberotarrdem
889 1526 943 1579 liic.
979 1525 1040 1579 Mr.

246 1613 291 1663 cui
309 1638 342 1650 -
361 1610 453 1678 libsro]
491 1610 630 1682 „Aulique
647 1610 707 1663 iure
727 1611 914 1664 Romanorum
932 1613 1013 1669 servis
1031 1613 1147 1667 militere
1164 1631 1220 1665 nou

172 1700 280 1755 licebat.
314 1697 407 1770 ltaque
424 1698 543 1753 secundo
561 1697 632 1752 bello
651 1697 751 1769 punico
770 1709 831 1770 post
856 1717 975 1770 pugnent
994 1702 1163 1753 Cannensem
1180 1700 1223 1751 in·

172 1787 235 1859 opis
252 1787 399 1841 libemrum
418 1784 558 1839 bominum
577 1795 640 1840 octa
659 1784 741 1837 millis
759 1785 886 1840 iuvenum
910 1784 1068 1840 validiorum
1087 1805 1116 1838 es
1143 1785 1225 1839 serri-

172 1875 216 1929 tiis
232 1874 310 1945 peius
335 1884 459 1927 emerunt
476 1884 502 1927 et
519 1872 641 1927 libertste
661 1873 811 1940 donarunt,
840 1892 921 1945 quem
939 1874 1113 1940 armaverint,
1139 1883 1169 1928 ut
1186 1885 1225 1929 eet

171 1961 245 2032 epud
267 1960 370 2014 bivium
397 1959 468 2014 libro
485 1960 566 2014 xxtt.
593 1961 629 2029 [c.
648 1962 705 2027 bb]
753 1963 874 2014 Auctore
899 1961 1035 2015 Martiano
1062 1961 1153 2015 lurise.
1178 1961 1223 2014 lib.

172 2049 275 2122 Digest.
292 2051 338 2103 49.
355 2047 418 2116 [Tit.
436 2047 509 2102 XVl.
527 2048 557 2101 lu
575 2049 632 2115 ts]
650 2047 687 2100 de
704 2066 734 2100 re
753 2047 874 2114 militer-i,
891 2047 927 2099 ab
945 2048 1016 2102 omni
1034 2048 1135 2100 mittito
1152 2049 1223 2101 terei

170 2135 363 2208 probibentur,
380 2135 483 2208 alioqui
500 2136 589 2205 capite
602 2136 767 2205 puniuntur.
803 2134 953 2207 lmperstor
970 2135 1068 2207 igitur,
1088 2135 1137 2188 nisi
1154 2134 1224 2187 libe·

172 2225 221 2291 ris,
247 2243 304 2277 nou
321 2222 445 2294 imperet.
481 2222 534 2276 Sed
554 2242 588 2275 ne
605 2223 662 2295 ipse
679 2221 788 2294 quidem
804 2223 952 2294 imperator
967 2241 1022 2275 esse
1040 2232 1143 2293 potest,
1172 2220 1222 2274 uisi

171 2311 240 2365 liber
260 2311 301 2364 sit.
328 2309 405 2363 ‘Nam
424 2329 505 2364 nemo
523 2310 671 2382 imperator
688 2322 741 2377 est,
761 2312 807 2383 qui
826 2311 993 2381 magistratus
1016 2309 1136 2362 nonsit:
1163 2326 1222 2362 ms·
1300 2314 1304 2317 ’

171 2398 298 2471 gistratus
313 2408 402 2452 autem
421 2395 484 2450 solis
502 2397 602 2452 uiribus
619 2398 789 2451 mandatur.“
806 2397 882 2451 Fre.
900 2396 1003 2470 Sylr..
1029 2396 1070 2449 Ad
1086 2414 1143 2448 rem
1154 2414 1222 2450 con-

170 2488 223 2542 fert
240 2486 345 2541 Gerub.
362 2486 530 2542 Lactsutium
550 2486 571 2554 l,
590 2491 615 2553 9,
634 2491 661 2542 b.
691 2487 821 2555 [monitus
847 2486 1012 2539 nimirums
1037 2486 1100 2539 Fre.
1119 2484 1219 2556 Sylrio,

171 2576 219 2648 qui
236 2573 408 2646 Lactantium
425 2573 496 2628 libro
514 2575 574 2628 niv.
594 2577 658 2630 lust.
675 2578 701 2628 l.
717 2575 836 2629 scribere
853 2574 898 2637 eit,
916 2573 1058 2628 Herculem
1073 2593 1129 2627 uon
1143 2571 1223 2625 fuisse

170 2665 287 2729 fortem,
304 2661 366 2735 quia
386 2662 574 2734 cupiditatibus
591 2662 645 2717 suis
663 2663 796 2734 imperare
815 2681 870 2715 non
891 2662 1021 2733 potuerit:
1038 2659 1102 2728 sed,
1120 2660 1141 2714 si
1157 2659 1223 2714 unii

170 2762 222 2821 est,
249 2762 337 2806 totum
354 2749 420 2805 illud
440 2761 521 2821 caput
536 2749 703 2821 legendum]
747 2750 823 2803 Idem
846 2769 876 2803 ex
894 2749 968 2804 livio
986 2732 1130 2815 xxtt,'3t.
1156 2746 1223 2818 (sci-
1261 2789 1266 2796 .

170 2840 231 2894 licet
249 2850 282 2892 ut
300 2838 426 2909 probaret
443 2857 499 2891 uon
518 2837 622 2892 licuisse
640 2837 720 2891 serris
741 2836 869 2905 militare)
887 2837 966 2890 affert
982 2835 1089 2900 locum,
1107 2854 1163 2906 quo
1183 2833 1223 2886 lc·

169 2928 242 2999 gitur
276 2926 377 2997 legatus
401 2923 585 2996 Syracusanos
612 2924 715 2978 dixisse:
755 2924 841 2975 milite
867 2932 952 2995 utque
976 2922 1065 2992 equite
1090 2938 1119 2972 se
1146 2920 1223 2974 scire»

170 3017 223 3069 nisi
240 3013 358 3068 Romani
375 3013 522 3084 Latinique
539 3014 667 3080 nominis,
696 3030 750 3066 nuri
767 3014 812 3065 uti
826 3010 956 3081 populum
973 3011 1131 3062 Romnum.
1167 3004 1221 3059 Sed

171 3114 243 3159 recte
263 3099 449 3155 animadvertit
466 3100 547 3171 Borg-
564 3101 602 3155 ibi
619 3120 672 3155 nec
689 3100 723 3153 de
740 3098 831 3151 liberis
849 3098 909 3169 sgi',
938 3115 990 3150 uec
1007 3095 1041 3149 dc
1060 3094 1154 3150 servu:
1177 3112 1222 3147 er-

171 3176 336 3253 restituero,
359 3188 434 3260 quod
452 3188 627 3243 Franciscum
642 3188 727 3241 etiam
745 3185 866 3256 Sylvium
896 3182 1081 3257 reprehendit,
1108 3180 1183 3253 quasi
1201 3182 1223 3235 is

173 3298 284 3351 quoque
301 3277 377 3331 illum
396 3276 460 3329 Livii
480 3275 585 3341 locum,
613 3274 679 3329 nibil
698 3274 751 3328 buc
767 3274 927 3337 sicientem,
954 3270 1106 3342 respexerit.
1154 3268 1222 3322 Nul-

171 3366 229 3422 lum
248 3367 321 3419 enim
339 3364 436 3429 alium,
455 3383 536 3435 quam
555 3364 636 3433 ΧΧΙΙ,
655 3368 699 3420 bi.
717 3360 829 3431 iniettigt
848 3357 929 3413 soluit
955 3358 1017 3412 Frc.
1035 3355 1106 3428 Sylr.
1124 3355 1222 3426 [capite

172 3454 219 3507 illo
235 3466 300 3508 crtr,
315 3451 342 3524 ξ.
359 3454 403 3506 ll.
422 3452 465 3505 ed.
483 3451 647 3522 titillanti,
666 3464 696 3507 ut
713 3472 744 3506 es
762 3449 865 3513 verbis,
886 3462 954 3519 quoe
973 3445 1118 3517 excerpsit,
1137 3464 1222 3515 appo-

173 3552 214 3595 τοι
233 3536 382 3595 manifesto.
415 3541 475 3595 Mr.
1266 3553 1267 3556 ’

245 3628 442 3699 cupiditatibus
459 3630 517 3682 suis
534 3629 686 3698 imperuim]
723 3629 786 3681 Duo
804 3626 959 3689 Oxs.,a.u.,
978 3633 1004 3676 et
1022 3619 1080 3675 Cri.
1090 3624 1122 3685 1.,
1140 3621 1222 3675 omit-

173 3727 234 3771 tuut
251 3719 326 3778 suis,·
348 3718 453 3771 iurerso
470 3717 565 3771 ordine
582 3716 681 3772 hebent
706 3718 764 3770 suis
786 3711 982 3783 cupiditatibus
1000 3707 1086 3765 codd.
1115 3707 1221 3765 Suerin.

172 3801 233 3857 Cra.
242 3803 359 3858 wrsd.
368 3808 393 3857 b.
402 3810 427 3858 ².
437 3808 498 3860 ct.
509 3803 620 3859 Gudss.
632 3805 691 3859 Bes.
703 3803 843 3875 ExcEyti
866 3799 920 3854 Sed
933 3799 987 3852 noli
1002 3798 1064 3852 iude
1077 3798 1149 3851 litem
1161 3818 1221 3852 mo-

171 3909 234 3944 rere
253 3891 409 3962 pronomini
427 3892 570 3963 possessivo
589 3892 699 3946 minime
718 3893 812 3946 otioso.
849 3889 891 3942 Ad
902 3888 1065 3941 locutionem
1079 3887 1222 3942 commode

172 3979 279 4032 ceuiett
296 3980 379 4051 Barg.
397 3980 470 4036 [secl.
488 3985 536 4033 22:
564 3981 685 4033 Primum
703 3975 974 4050 cupiditatibus
990 3974 1041 4040 iis,
1066 3972 1162 4045 quibus
1180 3991 1221 4022 ce·

172 4066 226 4118 teri
242 4068 381 4133 urriunt,
395 4066 584 4139 impendium
604 4067 637 4121 de
654 4069 722 4139 Rep.
739 4064 760 4135 l,
779 4069 839 4121 34:
871 4081 931 4118 cunt
948 4061 989 4125 is,
1007 4060 1054 4131 qui
1071 4061 1082 4110 i
1089 4067 1223 4130 asperat

171 4154 251 4220 aliis,
270 4157 382 4208 servit
399 4158 455 4226 ipss
472 4155 542 4208 nulli
561 4155 764 4226 cupiditati
773 4175 783 4216 ‚·
801 4149 936 4218 tb.tt‚tt.
967 4149 1010 4202 De
1028 4141 1222 4208 Firmium:

118 4275 124 4284 ·
171 4242 286 4295 Rectiut
303 4243 372 4294 euius
390 4241 638 4314 appellabitur
654 4261 714 4307 rex,
739 4260 822 4313 qutun
849 4237 1026 4309 Tarquinius,
1053 4231 1101 4300 qui
1119 4247 1165 4280 nec
1183 4250 1221 4290 se,
1289 4313 1293 4318 ᾖ
