3059 4925
364 506 601 555 sententiantes
628 506 669 551 tn
698 503 867 551 CICERONIS
894 504 1082 549 Pananoxt.
1154 504 1245 550 XXXV

193 669 255 723 insit
273 669 328 722 veri
347 669 374 721 in
394 688 424 721 ea
443 666 581 724 sementia.
617 668 724 734 Quarto
746 675 835 718 autern
854 664 990 718 Paradoro
1010 665 1088 735 plane
1109 683 1163 718 non
1180 685 1245 736 pro-

194 758 249 810 bari
269 757 306 810 ait
322 756 480 812 sententiam
499 753 695 825 praepositam,
713 751 758 804 sed
779 750 851 804 aliud
870 752 952 824 quid,
973 770 1060 824 neque
1077 751 1129 804 boc
1146 752 1179 804 ad
1199 772 1244 806 xe-

194 845 343 898 ritatem·et
359 843 492 898 rationem
509 853 626 896 certam:
654 840 779 910 quintum
807 858 869 892 vero
891 851 917 893 et
939 839 1063 910 explicari
1090 839 1195 892 acutius
1217 852 1244 893 et

193 932 291 986 certius
308 929 465 986 confirmari
484 928 622 995 concedit3
640 927 667 980 in
686 938 762 980 sexto
779 926 911 999 denique,
936 926 1008 997 qnod
1034 926 1121 978 solum
1138 927 1245 993 sopien-

194 1030 246 1069 tem
264 1019 410 1069 divitem
428 1036 485 1069 esse
504 1014 571 1081 vult,
599 1014 730 1080 ludimur,
755 1014 858 1086 inquit,
884 1014 912 1067 iu
932 1015 1104 1086 ambiguitate
1123 1014 1245 1068 vocabuli

194 1105 275 1160 dives.
321 1105 442 1176 lpsorurn
461 1103 662 1157 Paradoxorum
682 1101 752 1153 inter
772 1121 800 1155 se
819 1101 1037 1155 coniunctionem
1061 1113 1087 1154 et
1105 1101 1180 1172 quasi
1198 1120 1244 1155 eo-

194 1192 358 1263 pulationem
379 1211 434 1244 non
455 1191 595 1262 quaesiuit,
614 1209 669 1244 nnn
690 1189 759 1242 sidit.
781 1247 784 1252 ,

264 1295 508 1360 Gernbardns,
528 1294 680 1365 ponderatis
698 1293 812 1347 Sebiitrii
831 1295 990 1357 rationibus,
1017 1296 1070 1347 nori
1091 1294 1242 1347 existimarit

192 1383 220 1435 in
238 1384 364 1435 omnibus
380 1382 405 1436 ei
424 1402 478 1436 esse
496 1382 700 1435 assentiendum.
739 1382 773 1435 Et
790 1382 908 1453 primurn
927 1383 1034 1453 quidem
1054 1384 1179 1446 ordinem,
1198 1383 1243 1446 ait,

191 1472 219 1524 in
245 1471 386 1525 Paradosis
411 1471 545 1543 quendam
577 1490 707 1542 apparere
733 1482 879 1523 servatum:
903 1473 1019 1540 primum
1046 1481 1071 1523 et
1100 1470 1245 1521 secundum

192 1576 270 1628 posse
287 1558 378 1611 baberi
396 1578 445 1630 pro
473 1559 636 1629 reliquarum
655 1558 770 1611 tbesinm'
792 1569 838 1611 aut
864 1558 943 1611 totius
967 1556 1122 1628 disciplinae
1145 1557 1244 1610 lunda-

192 1654 299 1708 mento,
319 1663 494 1716 quamquam,
521 1665 589 1717 quae
608 1646 714 1715 utrique
732 1646 859 1717 opposuit
877 1644 1030 1709 Scbiitzius,
1059 1664 1114 1697 non
1133 1644 1243 1697 refellit:

193 1718 268 1782 terlii
286 1743 373 1785 autem
392 1752 556 1805 quamquam
576 1753 630 1785 non
650 1734 775 1785 omnibus
793 1733 910 1785 numeris
934 1732 1082 1784 absolutam
1107 1732 1244 1786 contendit

192 1838 247 1872 esse
266 1822 538 1891 argumentationem,
568 1820 720 1892 explicatius
743 1812 833 1873 tamen
858 1819 909 1872 boc
927 1819 996 1872 loco'
1008 1818 1040 1871 de
1060 1838 1091 1870 eo
1111 1817 1243 1888 paradoxo

191 1907 266 1979 loqui
295 1909 357 1962 dicit
381 1907 540 1963 Ciceronem
568 1921 593 1963 et
618 1907 798 1980 probabilius,
827 1893 907 1979 quarn
933 1906 1063 1979 Catonem
1088 1905 1241 1978 loquentem

189 1996 283 2049 feeerit
302 1995 371 2050 libro
388 1998 422 2052 de
441 1996 551 2051 Finibus
568 1999 644 2050 tertio
663 2010 688 2050 et
709 2007 820 2069 quarto,
846 2015 962 2067 eumque
989 2005 1110 2064 suscepto
1136 1993 1242 2047 Stoico-

191 2102 251 2135 rum
277 2084 424 2155 patrociuio
451 2086 552 2138 acutius
575 2085 642 2137 adeo
667 2096 694 2138 et
719 2087 804 2138 serius
828 2101 935 2137 eausam
954 2101 1093 2154 exponere.
1131 2080 1244 2133 Confert

191 2182 325 2241 praeterea
346 2172 379 2224 ad
398 2174 554 2225 sententiam
573 2173 663 2227 Horat.
681 2172 806 2225 Sermon.
826 2172 846 2236 l,
866 2176 890 2226 3.
917 2172 944 2223 in
973 2170 1065 2240 primis
1087 2189 1109 2236 v,
1126 2172 1161 2222 ts
1181 2186 1239 2240 sqq,

192 2259 316 2326 [debebat
334 2259 443 2313 laudare
462 2280 485 2315 r.
504 2263 539 2315 bb
557 2281 615 2334 sqq.
639 2260 685 2314 ubi
708 2280 782 2314 nunc
799 2260 849 2312 rid.
875 2260 916 2311 ed.
943 2256 1105 2323 lleindorlti,
1135 2255 1239 2310 auctam

192 2348 439 2414 aWiistemanno,
457 2368 483 2416 p.
501 2351 554 2401 122
571 2351 652 2420 sqq.].
698 2350 834 2417 Quartum
860 2346 967 2418 quidem
987 2349 1099 2407 (omnem
1123 2345 1240 2397 stultum

189 2436 321 2502 insanire)
347 2447 476 2490 nontam
500 2455 530 2488 ex
553 2436 635 2508 ipsius
658 2436 784 2490 stultitiae
808 2435 917 2489 notione
943 2431 1134 2499 demonstrari,
1158 2448 1239 2502 quam

189 2521 306 2595 aliquem
325 2523 516 2591 adversarium,
543 2524 629 2578 Clodii
649 2525 777 2593 similem,
802 2524 925 2577 insanum
952 2541 1006 2574 esse
1025 2521 1116 2590 argui,
1139 2516 1240 2590 quippe

192 2608 237 2678 qui
256 2608 416 2663 Ciceronem
442 2631 475 2663 ne
494 2610 596 2665 civitate
622 2612 736 2684 quidem
752 2611 851 2682 pellere
875 2610 1004 2681 potuerit,
1031 2608 1159 2680 quoniam
1181 2618 1237 2660 tum

191 2713 245 2747 non
265 2696 354 2749 civitas
373 2698 467 2764 luerit,
485 2716 547 2751 cum
567 2698 638 2770 leges
656 2698 683 2750 in
703 2718 733 2750 ea
752 2698 817 2751 nibil
836 2695 965 2751 valerenti
989 2694 1035 2749 sed
1059 2713 1120 2748 curn
1145 2712 1241 2746 ornnes

189 2783 270 2836 animi
286 2786 498 2854 perturbationes
509 2787 561 2840 sint
572 2788 674 2851 morbis
695 2787 739 2858 qni
758 2787 787 2839 in
806 2786 902 2839 morbo
915 2786 975 2850 sint,
993 2783 1102 2837 sanitate
1120 2792 1237 2847 careant,

190 2890 259 2941 qnae
276 2871 387 2925 sanitate
398 2883 582 2940 careatmens,
601 2874 692 2928 insana
712 2875 794 2944 possit
812 2874 879 2927 dici:
897 2872 969 2926 sica
987 2871 1072 2924 serbis
1082 2869 1238 2922 Latinorum
1292 2892 1294 2897 >

191 2958 251 3011 duci
272 2957 437 3013 a-Cicerone
457 2965 614 3032 argumenta
632 2962 756 3017 stultitiae
776 2963 809 3014 ab
828 2961 929 3015 insania
948 2979 1004 3012 non
1023 2955 1237 3028 distinguendae:

191 3042 280 3113 itaque
297 3046 379 3100 thesin
398 3040 480 3112 illam,
500 3069 599 3101 omnem
617 3051 734 3102 stultum
750 3050 878 3116 insanire,
898 3048 961 3102 ferri
981 3067 1066 3119 posse,
1086 3046 1106 3098 si
1126 3045 1236 3099 verbum

188 3131 242 3184 boc
268 3132 392 3186 latissimo
417 3155 495 3188 sensu
521 3137 685 3209 intelligatur
708 3139 799 3192 omnia
824 3138 885 3191 vitia
916 3137 1063 3190 continere.
1106 3133 1237 3203 Quintum

189 3218 342 3288 paradoxon
359 3223 502 3275 commode
521 3225 629 3294 probari
647 3235 674 3277 et
698 3230 784 3296 prope
809 3224 912 3278 desiisse
930 3244 945 3277 a
964 3235 1069 3287 nostrae
1088 3233 1160 3275 certe
1175 3219 1236 3291 pbi-

187 3304 324 3376 losophiae
341 3328 391 3361 usu
410 3309 537 3381 loquendi
555 3310 715 3377 abhorrere,
739 3330 803 3365 cum
821 3310 932 3369 rationis
955 3310 993 3362 rel
1013 3310 1100 3380 potius
1114 3307 1236 3362 volunta·

188 3393 220 3446 tis
237 3393 344 3448 libertas
366 3397 395 3448 in
414 3416 520 3450 morum
546 3399 684 3470 disciplina
713 3401 822 3471 proprie
850 3398 967 3462 dicatur,
995 3396 1115 3468 opposita
1140 3410 1234 3448 eorum

186 3482 316 3547 servituti,
343 3486 388 3556 qui
410 3498 504 3562 parent
519 3486 680 3540 libidinibus.
726 3492 838 3538 Sextum
856 3485 972 3557 denique
990 3483 1163 3547 Paradoxon,
1190 3502 1236 3534 so-

185 3568 243 3618 lum
258 3572 406 3638 sapientem
423 3592 479 3625 esse
498 3575 620 3639 divitem,
638 3594 670 3627 eo
689 3574 808 3640 sxrntari,
824 3574 897 3645 quod
915 3573 1019 3643 sapiens
1036 3573 1069 3624 sit
1084 3571 1137 3624 suis
1156 3571 1235 3624 rebus

188 3665 343 3723 contentus,
363 3671 518 3713 contentum
538 3675 626 3716 autem
647 3664 726 3715 rebus
750 3662 804 3715 suis
821 3680 890 3726 esse,
916 3679 972 3713 nnn
992 3660 1120 3712 maximae
1136 3657 1232 3726 solum,

183 3743 229 3796 sed
251 3745 330 3798 etiam
349 3747 508 3801 certissimae
521 3751 573 3803 sint
582 3751 697 3805 divitiae:
716 3750 792 3821 sequi
802 3749 873 3802 idem
886 3748 965 3802 etiam
977 3767 1005 3798 ex
1020 3746 1138 3800 secundo
1150 3748 1233 3799 Para·

185 3833 253 3884 doto
271 3835 413 3895 (virtutem
431 3839 552 3905 sufficere
570 3841 608 3888 od
625 3840 732 3893 beatam
751 3839 864 3904 vitam),
891 3855 953 3890 cum
971 3835 1043 3888 solus
1059 3834 1162 3903 sapiens
1181 3835 1232 3886 vir·

186 3928 240 3971 tute
257 3920 290 3973 sit
307 3922 450 3991 praeditus,
471 3943 535 3996 ergo
551 3926 651 3990 beatus,
671 3928 763 3978 beatus
778 3935 864 3977 autem
876 3925 906 3976 sit
919 3921 1098 3984 felicissimum
1113 3920 1233 3974 felicissi-

185 4023 259 4057 mum
275 4020 336 4059 eum
351 4009 469 4063 dicamus
485 4011 536 4064 frui
554 4013 631 4065 bonis
648 4014 781 4078 omnibus,
801 4012 829 4064 in
841 4012 919 4064 bonis
931 4022 1018 4064 autern
1034 4011 1184 4063 reserantur
1198 4010 1230 4060 ab

183 4092 307 4147 omnibus
325 4096 444 4162 divitiae;
466 4100 566 4155 divitias
585 4122 657 4154 veras
674 4100 745 4154 solus
763 4099 859 4153 babere
879 4100 962 4171 possit
977 4100 1087 4169 sapiens,
1106 4097 1167 4151 inde
1180 4097 1230 4165 igi-

182 4191 228 4232 tur
246 4181 310 4235 nibil
329 4184 459 4254 impedire
478 4189 621 4257 significat,
641 4210 696 4262 quo
716 4189 804 4241 minus
818 4198 958 4259 sequatur,
984 4199 1012 4240 ut
1038 4187 1109 4239 solus
1125 4182 1240 4252 sapiens

181 4267 284 4320 dicatur
302 4271 388 4337 dives,
415 4273 514 4329 etiamsi
536 4288 624 4331 careat
647 4279 678 4332 iis
705 4278 797 4338 robiis,
820 4275 918 4347 quibus
941 4274 1019 4343 strigo
1044 4268 1147 4323 divitiae
1165 4266 1236 4322 conl
