3059 4925
541 402 739 492 annuuoxon
759 436 802 483 v1.
831 437 900 486 cun.
911 440 934 486 1.
1060 448 1062 453 ·
1187 418 1262 493 279

324 597 540 665 Samaritanus,
558 598 709 667 quicunque
727 598 828 665 cupit.“
865 596 937 650 Atd.
958 597 1042 651 tttan.

211 678 316 734 Habent
334 683 408 735 video
427 683 494 737 Edd.
514 687 585 738 Crat.
604 683 678 736 Mau.
696 682 757 735 Atd.
778 686 864 747 tatu
896 704 947 737 nan
974 695 1001 738 te
1024 686 1131 738 divitum
1156 689 1258 757 putabo

211 765 290 820 [tud.
309 772 334 821 5.
371 771 473 824 Vocem
494 775 601 823 inanum
618 771 678 824 Fac.
698 769 769 841 sytv.
796 771 920 840 explicat:
949 790 1095 837 „vacuum,
1121 794 1175 826 non
1200 775 1257 846 pie-

211 872 291 923 num,
308 875 363 909 non
382 858 531 912 satiatum‘*
569 859 603 910 Et
621 870 768 912 extremum
789 857 896 927 quidem
917 870 996 912 recte.
1031 858 1091 910 Mc.

280 945 387 996 Etenim
399 963 434 996 ex
451 964 495 1010 eo,
516 956 648 1017 quantum
666 946 762 1017 cuique
781 947 850 1000 tatis
866 947 932 1013 cst,]
970 946 1024 999 Pro
1048 948 1144 997 etauim
1168 960 1207 1002 est
1231 961 1259 1001 ct

210 1029 237 1080 in
256 1030 323 1082 cod.
343 1029 414 1085 Gud.
434 1034 465 1085 A.
504 1033 592 1088 Verba
610 1051 643 1083 eu
662 1051 692 1083 ea
711 1032 806 1085 desunt
836 1032 863 1085 iu
888 1031 956 1088 Cod.
979 1036 1037 1086 Cra.
1057 1038 1082 1088 3.
1120 1036 1174 1087 Pro
1200 1038 1258 1088 cui-

211 1135 262 1186 que
280 1129 318 1170 εει
336 1120 479 1191 unicuique
498 1122 525 1176 iu
545 1122 611 1176 cot.
637 1121 717 1178 Drtd.
735 1125 777 1184 5.;
802 1140 894 1176 vocem
913 1133 955 1173 εει
983 1133 1042 1192 post
1067 1123 1136 1174 sctis
1160 1126 1257 1178 omittit

211 1201 289 1256 Drsd.
309 1210 335 1258 4.
370 1206 462 1262 Minus
479 1208 548 1262 bene
565 1208 690 1264 scribitur
710 1219 768 1264 sat
788 1220 829 1260 εει
848 1209 875 1261 in
895 1209 999 1262 duobus
1018 1208 1256 1266 AldiManAEodd.

158 1308 175 1354 '.
210 1287 277 1342 Edd.
302 1293 374 1346 Crat.
399 1293 489 1365 Magn.
515 1294 588 1350 Mau.
616 1297 712 1350 nostrii
738 1296 992 1352 Α1ι1.1511.1551.
1017 1297 1048 1349 Η.
1076 1298 1163 1352 Wott.
1187 1301 1258 1354 Aud.

209 1375 266 1428 'sat
284 1381 345 1443 Cas.
362 1378 453 1451 steph.
470 1381 571 1439 Sturm.
589 1383 664 1456 syth.
684 1386 804 1440 Verbum
821 1395 862 1437 εει
882 1385 976 1442 excidit
993 1385 1020 1437 iu
1041 1385 1257 1439 adventata.

210 1476 239 1518 ut
263 1464 290 1516 iu
316 1464 384 1522 cod.
410 1467 488 1525 Drad.
506 1474 532 1523 4.
576 1471 630 1525 Pru
649 1474 799 1530 uietiuutur
825 1483 864 1528 ast
887 1474 1071 1528 mentiuntur
1095 1475 1123 1525 in
1147 1473 1258 1537 cuiq

209 1553 236 1604 iu
255 1556 313 1607 Cra.
333 1560 358 1611 3.
378 1566 416 1609 est
434 1557 591 1610 divitiarum
614 1578 725 1628 genus
743 1560 861 1609 modum:
889 1559 935 1614 sed
963 1578 1009 1612 vox
1035 1579 1121 1631 genus
1152 1562 1257 1631 punctis

210 1652 298 1695 notata
319 1656 346 1697 ut
364 1644 465 1714 apuria.
501 1644 561 1698 Mc.

278 1741 411 1801 quantum
429 1734 525 1803 cuique
543 1735 605 1800 eto]
625 1734 699 1803 „Qui
720 1733 800 1790 babet
818 1744 947 1805 quantum
963 1732 1013 1785 sibi
1026 1732 1087 1786 satis
1107 1744 1153 1799 est,
1172 1733 1256 1786 nihilo

210 1818 392 1889 piusnpputit;
410 1821 456 1891 qui
476 1840 530 1876 non
540 1822 648 1891 appetit,
669 1839 723 1876 nou
738 1817 807 1892 eget,
826 1840 858 1878 ac
872 1821 985 1891 proinde
996 1820 1065 1873 dives
1078 1832 1143 1886 est„
1158 1820 1255 1873 Face.

280 1905 437 1962 diuitiarum
457 1909 598 1975 madum]
635 1908 746 1978 „Vulgo
776 1908 870 1962 dicunt
887 1911 1083 1980 quantitatem,
1112 1909 1185 1979 quod
1205 1908 1256 1961 La-

207 1990 254 2044 tini
275 2011 330 2046 non
348 2006 478 2064 usurpant
498 1995 547 2050 nisi
567 1998 594 2050 iu
615 1995 788 2067 philosophia.
826 1995 926 2052 Sensus
945 2007 996 2052 est;
1014 1996 1256 2064 masticantis,
1302 1993 1309 2004 ’

209 2079 254 2149 qui
273 2079 351 2133 habet
370 2095 500 2152 quantum
519 2084 543 2136 ei
568 2084 629 2138 satis
653 2095 708 2137 est:
731 2096 756 2138 ει
783 2084 845 2149 itto,
873 2084 956 2156 quod,
972 2084 1033 2138 satis
1057 2095 1110 2150 εει,
1135 2083 1256 2138 homiues

209 2165 285 2237 vulgo
304 2168 443 2222 aestimant
459 2170 588 2226 divitias.“
606 2172 712 2243 Wyu.
749 2170 779 2228 ln
798 2191 872 2243 seqq.
892 2171 942 2226 Οε.
962 2192 990 2234 ψ.
1010 2171 1068 2225 Cra.
1088 2176 1113 2227 3.
1132 2172 1255 2226 exhibent

202 2253 295 2319 filiam
312 2256 372 2325 qui
390 2256 489 2319 uatu,·
507 2256 586 2314 Sacc.
598 2259 692 2327 filiam
711 2261 793 2330 quia
812 2259 906 2324 iubet,
925 2259 996 2311 Gud.
1009 2260 1041 2316 Α.
1061 2257 1086 2330 q’
1098 2260 1191 2327 filiam
1202 2261 1255 2314 ha-

208 2340 265 2408 bet,
285 2341 357 2398 Gud.
375 2343 407 2398 Β.
422 2346 511 2413 fliius.
557 2346 615 2400 Cra.
635 2353 660 2404 2.
686 2347 766 2406 Diod.
784 2351 810 2401 4.
835 2346 906 2404 Gud.
925 2348 958 2404 Α,
970 2346 1007 2400 Β.
1028 2347 1144 2416 pecunia
1168 2364 1254 2416 apua

208 2441 268 2486 eat.
304 2432 377 2491 Tum
398 2432 457 2489 Cn.
475 2440 499 2490 1.
518 2437 587 2491 duaa
605 2447 724 2491 autam
739 2437 842 2507 pluria.
878 2438 976 2493 crui.
995 2433 1255 2493 Gud.A.omittunt

208 2522 285 2576 verba
302 2523 409 2591 plutei:
428 2524 535 2579 maiora.
583 2524 614 2577 ln
633 2523 697 2577 Onu.
715 2524 737 2576 1.
756 2541 780 2578 a.
798 2541 828 2586 ψ.
846 2523 971 2579 scribitur
995 2541 1058 2579 cum
1078 2522 1157 2576 Drsd.
1175 2524 1201 2577 3.
1221 2524 1255 2573 si

204 2610 312 2678 plutas,
333 2621 389 2664 tum
408 2611 458 2666 Ox.
477 2611 508 2665 E.
527 2613 644 2665 maxima
663 2598 776 2680 (omisso
794 2612 899 2676 etiam).
934 2611 1015 2667 Dru.
1033 2616 1058 2664 1.
1077 2609 1169 2665 duaa?
1194 2628 1252 2660 ma-

206 2698 264 2751 iori.
281 2698 397 2767 pluras?
414 2699 508 2753 maiori
527 2701 609 2764 ethim
627 2702 666 2764 εἰς
686 2719 735 2770 pto
754 2700 852 2751 maiore
870 2701 929 2752 en.
949 2701 975 2753 3.
994 2697 1074 2754 babet
1090 2715 1161 2750 aare.
1195 2696 1254 2750 Ab·

207 2795 245 2838 εει
262 2796 288 2837 et
307 2786 341 2839 ab
360 2785 425 2840 On.
442 2787 463 2843 i.
481 2806 510 2850 ψ.
530 2788 608 2843 Βεεά.
628 2791 652 2843 1.
672 2792 696 2840 2.
715 2786 773 2843 Cau.
792 2792 818 2839 1.
837 2792 861 2843 2.
881 2787 976 2843 Duisb.
995 2786 1067 2841 Gud.
1085 2786 1133 2851 A..
1158 2787 1185 2840 iu
1197 2782 1253 2841 ἐο-

207 2873 267 2925 dem
284 2873 404 2945 pergitur
432 2877 506 2927 aiut
524 2877 620 2932 Danai
643 2877 739 2935 uiuum
766 2875 847 2928 Dcsd.
867 2878 893 2928 5.
918 2874 1016 2929 omittit
1038 2875 1137 2926 maiore
1161 2875 1253 2926 etiam.

206 2960 277 3014 Gud.
294 2961 324 3014 Β.
342 2960 421 3016 habet
439 2974 470 3015 ut
489 2964 569 3017 uiuat
588 2968 761 3026 Danaum,
780 2982 842 3019 cum
860 2961 909 3031 Ox.
927 2979 955 3023 ψ.
991 2960 1021 3014 1η
1040 2959 1105 3015 Oxx.
1124 2959 1145 3014 1.
1164 2961 1197 3013 Ν.
1217 2960 1250 3012 U.

204 3069 229 3117 η.
249 3067 272 3103 a.
291 3060 329 3102 εει
346 3053 449 3117 Danai,
467 3052 495 3106 iu
507 3050 566 3105 Cau.
576 3055 601 3106 3.
621 3056 732 3122 Donay.
769 3050 822 3105 sed
841 3049 943 3103 variant
953 3049 1032 3103 etiam
1045 3048 1111 3103 Edd.
1144 3049 1190 3103 Sic
1203 3048 1251 3101 Ed.

204 3138 273 3192 Hub.
286 3158 349 3192 cum
362 3138 436 3211 sylb.
449 3140 529 3195 habat
540 3142 631 3210 pluras
642 3142 724 3193 etiam
737 3141 851 3205 maiorm
871 3139 944 3192 abest
956 3140 1039 3193 etiam
1051 3139 1085 3190 ah
1099 3137 1166 3192 Edd.
1181 3137 1252 3193 Crat·

204 3227 297 3298 Magn.
322 3226 383 3280 Par.
401 3247 421 3281 ε.
440 3247 464 3282 a.
488 3228 563 3283 Man.
590 3228 650 3283 Atd.
671 3232 749 3283 1511.
768 3232 847 3285 1552.
873 3229 934 3280 Aac.
953 3228 1031 3279 1511.
1058 3230 1119 3278 Car.
1143 3226 1250 3297 stepb.;

203 3326 230 3367 et
249 3316 323 3369 abest
338 3316 371 3368 ab
390 3315 439 3370 Ed.
457 3336 513 3388 pcc.
533 3318 601 3373 Vici.
620 3316 689 3371 Rob.
708 3315 801 3387 steph.
820 3313 1251 3371 ven.1492.fl.vv01t.surm.
1331 3382 1338 3396 υ

202 3407 243 3473 (in
270 3425 322 3477 qua
350 3406 482 3460 antecedit
500 3407 647 3458 maiores
671 3406 767 3468 etiam)
794 3405 887 3459 Lamb.
920 3403 1015 3457 Goion.
1042 3401 1117 3473 sylb.
1146 3405 1251 3456 Camec.

202 3495 291 3548 Herw.
317 3495 395 3549 Hdlb.
423 3496 488 3566 Arg.
517 3495 578 3549 Par.
603 3498 682 3549 taut.
699 3498 779 3547 1511.
804 3493 890 3565 Lugd.
938 3491 980 3545 Ad
1005 3512 1028 3544 ε.
1054 3494 1152 3544 maiore
1169 3491 1251 3543 etiam

202 3581 270 3635 haec
286 3593 324 3639 εει
343 3583 403 3635 Atdi
427 3583 501 3636 Man.
527 3582 679 3636 annotatio:
703 3581 800 3647 „Unus
823 3583 905 3634 etiam
922 3583 1036 3635 maiora:
1062 3581 1155 3632 Etiam
1179 3581 1251 3634 abest
1319 3635 1324 3639 ,

202 3680 335 3740 εεεριεηι,
354 3672 509 3743 inquorum
521 3690 576 3724 uno
589 3671 663 3735 adda
685 3671 888 3734 Maioreatiam,
907 3689 1011 3723 novem.
1047 3669 1149 3721 Maiori
1159 3669 1251 3733 ctiam,

203 3760 299 3809 unus.“
334 3758 415 3812 Dud.
433 3762 459 3811 1.
478 3760 556 3813 habet
574 3760 669 3813 sicut
688 3762 727 3825 α).
753 3759 833 3812 Dcsd.
846 3765 872 3816 3.
892 3759 975 3811 sicuti
992 3761 1082 3826 ajunt.

273 3848 378 3915 Danai]
399 3846 528 3911 „Danaus
537 3846 698 3916 Argivorum
717 3866 760 3898 rex
778 3846 972 3919 quinquaginta
982 3845 1048 3899 filias
1065 3845 1165 3910 habuit,
1185 3866 1251 3917 quas

202 3932 396 4005 quinquaginta
413 3932 474 3987 fitiis
489 3933 604 4004 Aegypti
623 3934 711 3987 fratria
729 3936 767 3989 im
786 3934 987 3988 matrimonium
1006 3934 1105 3989 dedit.“
1124 3935 1146 3986 F
1153 3953 1220 3987 acc.

272 4023 310 4070 Bt
327 4024 365 4083 ai,
384 4023 529 4088 urciani,
547 4024 641 4075 Danai
661 4024 862 4097 quinquaginta
881 4025 937 4075 sint
948 4024 1042 4092 filiae]
1087 4021 1152 4089 „Sic
1178 4022 1250 4074 dedit

201 4105 338 4159 Graevius.
384 4107 467 4175 Quod
485 4111 591 4165 facilem
610 4110 690 4167 hahet
708 4114 881 4185 explicatum,
908 4113 930 4166 εἰ
949 4113 1094 4184 probetur,
1124 4109 1176 4163 hoc
1200 4109 1250 4163 ati-

203 4194 311 4265 quando
330 4196 358 4249 in
378 4200 517 4251 communi
535 4201 613 4255 [uiua
633 4203 787 4271 proverbio:
819 4203 913 4255 Danai
939 4199 1138 4271 quinquaginta
1159 4197 1251 4264 filiae.
