3059 4925
573 473 769 521 ιιιιιιοιοιι
793 476 829 522 ιι.
1161 455 1233 527 105

185 631 244 701 ipso
262 629 420 683 immortalis
437 641 482 683 est.
518 631 607 703 Atque
626 632 676 688 bac
693 632 885 704 significatione
898 634 960 685 laus
973 642 998 687 et
1006 634 1138 688 laudatus
1156 657 1234 709 saepe

187 728 330 788 usurpatur
355 716 526 770 aCiceroue.
571 720 630 774 lloc
646 731 734 774 autem
760 720 821 773 loco
846 722 961 773 oratorie
979 722 1179 792 accipiendum,
1206 737 1236 777 ut

186 817 330 875 utrumque
348 804 486 874 significet.
522 806 593 861 Haec
611 811 738 862 sententia
758 820 796 862 est
813 810 841 860 in
858 808 934 862 dictis
951 809 1098 880 Euripidis,
1124 813 1152 865 in
1172 815 1234 884 qui·

185 895 235 945 bus
254 911 337 945 unum
357 903 395 945 est
409 891 473 946 boc:
492 889 572 963 ἀρετή
588 898 632 957 δὲ,
650 891 697 948 siis
715 897 788 966 θοίνῃ
808 917 861 960 τις,
882 894 928 949 oris
947 893 1101 950 ἀπόλλυται.
1137 899 1184 953 Est
1202 920 1231 952 ex

185 979 321 1050 deperdita
340 978 475 1050 tragoedia
493 978 661 1037 Temenides.
703 983 797 1037 Simile
816 996 854 1037 est
872 984 942 1055 apud
959 982 1046 1037 Plaut,
1065 982 1142 1056 Capt.
1161 989 1186 1052 3,
1207 993 1233 1041 5.

185 1066 226 1119 Cl.
246 1063 393 1122 Gatalrerus
410 1067 437 1119 in
457 1066 609 1122 Adversarr.
627 1089 654 1140 p.
674 1073 735 1124 513.
753 1071 809 1124 1).“
828 1071 1008 1142 Wyttenb.
1026 1099 1060 1110 ·-
1078 1071 1165 1125 Locus
1178 1072 1234 1125 Eu·
1332 1071 1334 1074 ’

185 1153 303 1225 ripideus
318 1165 355 1207 est
374 1153 444 1224 apud
463 1152 627 1221 Stobaenm,
653 1175 735 1228 quem
760 1158 799 1211 sic
826 1157 974 1229 pleniorem
1000 1176 1088 1228 nuper
1105 1157 1186 1211 edidit
1203 1160 1233 1210 F.

184 1239 216 1292 Η.
236 1240 346 1294 ΒοιΙιίιιε
363 1242 391 1294 ὶιι
410 1241 546 1311 Fragmm.
564 1242 658 1314 Eurip.
677 1264 704 1315 p.
721 1249 783 1299 254.

298 1326 395 1399 Ἀρετή
414 1332 458 1390 dl,
477 1330 525 1381 ude
543 1329 615 1400 θάνῃ
633 1350 690 1397 τις,
710 1329 756 1383 οὐκ
775 1329 933 1397 initietur,

199 1399 202 1407 Δ
299 1420 339 1487 Ζῇ
358 1413 384 1467 d'
401 1413 484 1468 οὐκέτ’
502 1413 576 1475 ὄντος
594 1413 729 1478 σώματος·
748 1433 850 1471 κακοῖσι
867 1424 896 1472 δὲ

290 1496 418 1555 ‘'Anurru
428 1506 539 1573 ’φροῦδα
557 1501 717 1557 owddrord'
735 1503 786 1558 tired
801 1504 908 1572 χθονός.

186 1590 283 1642 Versus
302 1589 439 1644 Plautinus
458 1602 497 1644 est
514 1590 591 1662 Capt.
609 1592 654 1658 Ill,
672 1597 699 1657 5,
718 1596 768 1648 32:

297 1680 351 1747 Qui
365 1697 416 1747 per
433 1680 561 1731 virtutem
575 1680 673 1748 periit,
693 1690 724 1730 cst
742 1699 796 1732 non
812 1682 915 1735 interit.

185 1762 219 1815 tl.
236 1763 348 1817 Rosscba
365 1765 462 1818 edidit:
478 1767 596 1835 peritot,
613 1768 637 1818 is
655 1786 708 1819 reon
728 1797 771 1832 -‚
790 1780 816 1822 et
834 1767 982 1822 Gatalrerus
1000 1770 1016 1823 l
1036 1790 1059 1823 c.
1081 1772 1144 1841 (Ed.
1164 1773 1233 1824 Trn-

185 1850 245 1918 ject.
263 1856 343 1907 1698.
360 1854 379 1906 l.
397 1852 445 1921 ιιι.)
462 1854 582 1922 peritat,
600 1854 691 1919 baud,
704 1855 765 1923 pol,
785 1856 889 1910 interit.
925 1855 986 1910 Mr.
1123 1913 1127 1922 ¹

254 1940 399 1993 Exsulium
416 1952 507 1992 nutem
524 1941 690 1994 terribile
709 1943 768 1994 illi
775 1944 799 2011 s]
818 1943 944 2007 „Exsulii
960 1945 1028 1995 enim
1045 1964 1139 1997 nomen
1157 1948 1229 1997 cola-

185 2027 289 2079 mitatis
306 2037 362 2094 est,
380 2048 432 2081 non
452 2029 645 2098 turpitudinis:
666 2049 716 2101 pro
734 2029 834 2083 Domo.
852 2060 889 2070 -
917 2031 1043 2083 Terribile
1061 2033 1166 2086 abesto
1184 2032 1233 2085 de-

186 2133 259 2182 cem,
282 2116 446 2187 inquorum
471 2135 527 2169 uno
545 2117 693 2171 additum.“
712 2119 785 2172 Ald.
801 2118 887 2172 Man.
928 2118 1039 2191 „urspt
1063 2124 1133 2189 σοφῷ
1159 2123 1232 2171 πᾶσα

184 2203 217 2269 γῆ
232 2196 318 2271 Burri,
335 2205 421 2271 ψυχῆς
437 2200 487 2273 reip
506 2200 612 2273 ἀγαθῆς
630 2210 724 2276 πατρὶς
742 2201 756 2256 o‘
774 2205 874 2268 ξύμπας
896 2204 998 2269 κὸιιμος.
1034 2206 1233 2261 Democritus.“

187 2289 275 2358 Xyst.
295 2288 408 2342 Betnl.

253 2377 389 2429 Exsilium
405 2388 496 2429 eutem
513 2379 560 2447 iis]
607 2380 643 2434 lta
663 2380 723 2433 dedi
748 2400 810 2434 cnm
830 2381 878 2434 Or.
897 2382 1000 2435 Vocem
1025 2381 1142 2433 terribile
1168 2401 1229 2435 cum

185 2466 291 2538 optimis
308 2466 383 2519 libris
400 2466 505 2520 exulare
522 2468 592 2521 iussi.
636 2470 717 2522 Abest
736 2488 792 2522 non
812 2470 924 2522 modoa
946 2470 1038 2521 decem
1058 2468 1168 2532 Aldinis,
1186 2470 1231 2520 sed

185 2555 262 2607 etiam
288 2556 321 2607 ab
348 2554 414 2610 Orx.
443 2556 563 2626 quinque
581 2555 649 2625 (duo
676 2555 772 2627 reliqui
797 2556 895 2609 babent
924 2555 954 2623 [l.
972 2555 1017 2622 U.]
1042 2555 1159 2607 terribile
1177 2556 1234 2622 est)

185 2644 241 2693 Cre.
260 2646 283 2694 2.
301 2642 379 2696 Drsd.
400 2647 424 2695 1.
443 2647 469 2696 2.
487 2646 511 2696 3.
530 2641 603 2695 Gud.
621 2643 653 2696 Α.
670 2643 701 2696 Β.
736 2642 842 2696 Suerin.
868 2642 962 2698 Duisb.
998 2643 1039 2694 Iis
1063 2654 1152 2695 autem
1171 2641 1232 2695 dedi

184 2747 234 2798 pro
250 2728 307 2780 illis
323 2749 353 2782 ex
370 2728 444 2782 libris
462 2728 527 2795 0r.,
558 2727 643 2782 codd.
669 2731 749 2783 Bern.
776 2730 880 2795 Guell,
908 2731 1004 2784 nostris
1027 2730 1139 2801 (quibus
1162 2729 1233 2783 addo

185 2814 262 2866 etiarn
281 2835 339 2885 eos,
358 2817 405 2886 qui
424 2815 545 2869 exhibent
563 2816 619 2885 bis)
637 2815 696 2870 Cre.
708 2821 732 2871 1.
749 2818 928 2890 (quamquam
948 2818 991 2872 bic
1007 2818 1087 2871 babet
1104 2820 1148 2871 liis
1165 2819 1232 2883 illis)

180 2898 244 2957 'Gru
263 2907 288 2954 2.
307 2902 377 2955 Gud.
396 2904 430 2960 Α.
448 2902 506 2956 Cre.
526 2908 550 2959 b.
568 2903 647 2957 Drsd.
665 2909 690 2958 1.
710 2911 734 2958 2.
753 2909 779 2960 3.
804 2906 871 2959 Edd.
889 2925 931 2977 ap.
954 2905 1040 2959 Meus.
1063 2905 1157 2957 Lamb.
1176 2907 1233 2958 co-

183 2985 239 3044 lon.
258 2988 342 3043 Sullr.
359 2991 431 3045 Petr.
449 2991 526 3045 lldlb.
544 3012 565 3045 s.
583 2990 600 3044 l.
619 3003 645 3046 et
663 3012 687 3048 a.
705 2992 771 3064 Arg.
791 2997 870 3047 1515.
890 2994 958 3047 Ven.
976 2995 1054 3046 1192.
1071 2992 1133 3045 Par.
1152 2994 1232 3045 1501.

184 3083 262 3134 1512.
281 3077 365 3150 bugd.
384 3082 463 3133 1515.
480 3081 606 3135 Darentr.
624 3085 703 3136 1515.
727 3086 788 3135 Asc.
807 3083 886 3135 1511.
911 3081 973 3134 Par.
995 3100 1014 3133 s
1032 3100 1055 3133 a.
1074 3080 1133 3135 ΑΜ.
1151 3083 1232 3134 1548.

184 3165 240 3220 sed
256 3165 305 3220 bes
328 3185 422 3219 omnes
446 3167 521 3236 (inde
549 3168 583 3220 ab
601 3168 693 3236 lldlb.)
719 3169 833 3239 glossam
859 3168 958 3221 babent
982 3168 1100 3220 terribile
1127 3180 1233 3237 excepta

72 3308 78 3317 ,
185 3254 360 3331 Ascensum,
385 3273 453 3325 quae
472 3273 533 3306 cnm
554 3265 669 3324 quatuor
688 3255 781 3326 primis
800 3255 870 3307 lacit.
913 3253 1019 3324 Reliqui
1045 3254 1144 3306 babent
1166 3255 1234 3319 illis,

185 3338 249 3393 falsi
267 3341 405 3412 elegantia,
423 3353 453 3395 ut
464 3343 500 3395 ait
511 3340 561 3394 Or.
590 3342 691 3396 Vocem
705 3343 786 3415 quasi
800 3340 897 3396 omittit
913 3359 975 3394 cum
986 3338 1058 3393 Gud.
1069 3340 1101 3394 B.
1118 3339 1233 3395 Drsd.4.

185 3430 256 3480 Tum
275 3427 334 3480 Cre.
351 3432 376 3483 1.
394 3429 603 3498 circumseptus
620 3441 670 3497 est,
691 3430 763 3502 quod
783 3431 892 3483 verbum
910 3428 983 3500 apud
1001 3428 1104 3481 Livium
1123 3426 1231 3499 quidem

184 3517 298 3588 legitur,
317 3536 368 3571 nec
385 3536 448 3570 vero
467 3517 537 3587 apud
557 3516 727 3571 Ciceronem.
763 3518 817 3570 Pro
841 3517 984 3568 babitandi
1010 3527 1049 3570 est
1066 3515 1186 3566 habitati
1203 3514 1232 3567 in

186 3603 294 3658 flod-B.
322 3605 359 3656 Ex
380 3606 447 3658 cod.
460 3605 527 3658 Pith.
540 3603 669 3659 Graevius
683 3606 799 3660 enotavit
815 3603 1044 3658 inhabitandi
1057 3604 1140 3668 locus,
1153 3603 1232 3673 *quod

186 3691 295 3744 verbum
314 3693 468 3764 posterioris
485 3704 523 3745 est
539 3694 639 3748 aetatis.
677 3696 779 3748 Vocem
796 3711 895 3746 omnem
913 3691 1039 3745 omittunt
1059 3689 1110 3743 Or.
1131 3709 1155 3743 σ.
1175 3690 1235 3745 Μι.

256 3782 303 3850 qui
320 3799 418 3832 omnem
436 3780 523 3832 orbem
541 3790 675 3833 terrarum
691 3800 773 3833 unum
791 3779 882 3833 urbem
899 3798 955 3832 esse
974 3780 1098 3846 ducunt]
1134 3778 1235 3843 „Stoici

152 3875 155 3880 '
184 3865 277 3919 dicunt
294 3885 402 3919 omnem
423 3867 516 3920 orbem
535 3854 667 3919 terrarum
686 3887 768 3922 unam
787 3868 882 3920 urbem
900 3887 963 3920 esse.
999 3865 1058 3920 Hoc
1079 3875 1167 3920 autem
1183 3864 1237 3917 So·

185 3953 313 4006 creticum
331 3964 377 4007 est.
413 3958 537 4006 Socrates
555 3955 624 4004 enim
641 3974 700 4006 cum
717 3966 866 4027 rogaretur,
885 3956 1000 4005 cuiatem
1011 3972 1040 4006 se
1057 3973 1113 4006 esse
1131 3955 1236 4011 diceret,

184 4041 355 4093 Mendesium
369 4042 466 4113 inquit.
487 4039 554 4109 [cic.
573 4040 669 4096 Tusce.
687 4045 720 4109 V,
738 4047 782 4109 31,
801 4046 862 4097 1⁰8.
885 4042 932 4094 ubi
956 4042 1019 4113 vid„
1034 4050 1126 4094 annot.
1154 4048 1234 4091 nostr.

184 4146 211 4197 p.
228 4128 283 4181 -255
302 4147 341 4198 sq.
359 4128 393 4180 T.
412 4127 467 4197 lll.]
507 4129 602 4183 Totius
619 4132 687 4182 enim
705 4132 797 4184 mundi
813 4151 842 4183 ss
868 4130 982 4182 incolum
1005 4139 1033 4180 et
1056 4129 1137 4199 civem
1162 4123 1236 4174 orbi·

185 4212 320 4266 trubutur.
356 4213 411 4266 Ubi
427 4216 503 4280 [ibid.
521 4228 584 4270 ante
603 4217 659 4284 illa]
678 4219 743 4273 illud
761 4221 861 4274 Teucri
879 4220 980 4274 dictum
1009 4213 1110 4268 scribit:
1136 4208 1234 4260 Putria
