3059 4925
293 455 365 526 154
626 476 798 523 rampone
823 474 1015 523 srorconuu.

288 638 356 692 Edd.
382 656 438 709 prc.
466 637 556 703 Magn.
581 632 660 685 lldlb.
688 632 1048 688 Ρπ.1531.1512.1543.
1071 633 1156 703 Lugd.
1180 632 1244 704 Arg.
1273 637 1338 688 Ven.

288 728 366 779 14⁹2.
384 726 464 778 1514.
485 719 546 774 Ald.
566 723 644 775 1548.
664 722 742 773 1551.
762 718 823 772 Car.
843 720 933 791 Steph.
954 720 1031 773 Bonl.
1049 720 1124 792 Sylb.
1142 721 1272 792 llerwag„
1291 719 1336 774 sed

288 813 355 865 Edd.
374 811 447 864 Crat.
462 808 537 862 Man.
549 807 616 861 'Ald.
636 811 715 861 1511.
734 807 835 861 Stnrm.
853 808 952 862 habent
969 811 993 861 si
1009 810 1116 877 poulo
1133 829 1162 861 se
1183 820 1316 862 moveat
1326 830 1336 868 ,-

288 920 356 954 unus
369 899 441 970 apud
460 896 559 950 Aldnm
577 895 652 948 Man.
672 894 751 949 hahet
769 898 794 948 si
807 915 971 965 pannum.
1007 896 1067 949 Mr.

359 985 480 1052 Histrio]
514 983 574 1037 Huc
591 983 657 1037 {neit
676 984 751 1037 locus
770 985 804 1036 de
823 984 882 1039 011.
896 982 1051 1056 teuteus
1073 987 1128 1036 Nec
1143 983 1208 1037 locro
1227 985 1337 1037 histrio-

288 1076 365 1129 nibus
383 1072 586 1143 oratoribusque
606 1072 799 1126 concedendum
817 1082 873 1135 est,
893 1082 925 1123 ut
943 1073 978 1123 iis
996 1073 1063 1122 lroec
1081 1082 1148 1140 opto
1168 1072 1239 1134 sint,
1262 1069 1337 1122 nobis

288 1164 430 1216 dissoluto.
473 1159 554 1213 Coni.
573 1177 642 1231 quae
660 1158 747 1212 attulit
764 1157 786 1211 l.
803 1158 835 1212 B.
859 1157 986 1230 Carpaov.
1010 1159 1038 1211 in
1061 1158 1131 1211 libro
1156 1158 1294 1226 utilissimo
1312 1167 1338 1209 et

287 1249 454 1314 doctissimo,
492 1248 538 1319 qui
559 1246 726 1300 inscribitur:
768 1246 925 1299 Paridoron
959 1245 1081 1299 Stoicum
1106 1246 1237 1300 Aristonis
1261 1244 1337 1299 Chii:

283 1334 393 1400 Ὅμοιον
412 1331 532 1404 εἶναιτῷ
549 1332 644 1402 α’γαθῷ
661 1329 790 1404 ὑπηρέτῃ
812 1330 954 1395 rinconis
979 1333 1063 1404 (Lips.
1084 1337 1161 1386 1122.
1188 1334 1228 1400 8.)
1246 1354 1271 1403 p.
1283 1337 1336 1387 130

287 1437 314 1479 et
332 1429 401 1492 139„
420 1425 466 1478 ubi
485 1443 514 1476 er
526 1421 655 1476 Suetonio
672 1421 725 1475 Vit.
737 1421 838 1474 Neron.
849 1439 907 1491 cap.
918 1425 962 1476 26.
981 1420 1063 1474 refert
1080 1420 1213 1491 lapidibus
1229 1420 1337 1476 histrio·

288 1534 335 1567 nes
352 1532 385 1567 ac
403 1511 582 1584 pantomimos
600 1530 654 1563 esre
672 1511 801 1576 obrutos,
819 1508 840 1563 si
860 1510 948 1562 minus
967 1509 1111 1581 placerent,
1128 1508 1270 1579 ipsumque
1281 1506 1337 1560 Ne-

287 1603 381 1653 roneln
400 1599 500 1670 lapides
517 1599 545 1652 in
564 1617 610 1651 eos
631 1598 775 1651 coniecisse
791 1617 855 1651 cum
874 1599 948 1650 omni
968 1596 1080 1669 populo.
1105 1595 1165 1649 llllr.
1191 1595 1336 1666 „Histrio

288 1699 326 1741 est
343 1697 418 1741 actor
435 1687 564 1740 scenicus.
603 1687 660 1738 Vox
679 1697 717 1739 est
735 1687 840 1758 origine
858 1685 994 1740 Hetrusca.
1031 1683 1098 1738 Nam
1119 1683 1215 1737 abillo
1234 1683 1336 1755 populo
1357 1684 1362 1690 ’

287 1775 401 1830 Romani
420 1794 515 1829 scenae
540 1786 642 1828 actores
667 1776 859 1844 acceperunt.“
878 1774 985 1843 Wyn.
1032 1772 1091 1826 Vid.
1110 1768 1131 1823 l.
1150 1773 1180 1823 C.
1200 1768 1336 1823 Amadutii

287 1862 401 1934 Alpltab.
419 1873 480 1915 vett.
496 1861 673 1915 Etruscorum
690 1860 806 1931 (Rornae
824 1864 904 1914 1115.
922 1861 942 1914 1.
962 1860 1025 1929 m.),
1054 1861 1101 1913 ubi
1126 1859 1176 1911 sid.
1194 1860 1222 1911 in
1242 1844 1335 1911 [esico

287 1954 393 2018 Vocum
423 1949 598 2002 Etruscarum
633 1966 659 2018 p.
683 1964 749 2000 exn.
782 1967 806 2001 a.
839 1968 863 1999 v.
895 1949 1000 2000 Hister.
1070 1947 1228 2018 Nieupoorti
1256 1945 1336 1998 Anti-

287 2039 364 2109 quitt.
390 2038 496 2090 Romm.
521 2036 563 2089 ed.
589 2035 702 2087 Gesner.
736 2054 760 2104 p.
781 2036 849 2097 ³⁰⁹3
885 2033 954 2087 Reiz.
980 2034 1084 2090 Vorles.
1109 2035 1156 2088 iib.
1185 2035 1211 2086 d.
1242 2032 1336 2085 Boem.

263 2176 265 2180 .
287 2123 398 2188 Alterth.
418 2143 446 2194 p.
463 2126 531 2185 5883
559 2125 587 2175 C.
606 2120 626 2175 l.
646 2120 680 2173 G.
704 2122 855 2193 llaymann.
880 2124 961 2178 Anrn.
991 2125 1036 2179 tib.
1059 2124 1218 2194 Nienpoort.
1243 2122 1336 2191 (Drsd.

287 2216 366 2265 1186.
383 2210 424 2279 8.)
442 2230 468 2281 p.
488 2212 549 2263 123.
593 2208 696 2262 Laudat
720 2209 802 2280 Borg.
820 2210 853 2262 ad
873 2210 898 2262 h.
917 2211 934 2263 l.
952 2210 1083 2282 Epistolas
1107 2210 1246 2263 Sodalium
1272 2207 1336 2260 Phi-

287 2297 429 2362 lomathiae
456 2298 484 2366 (a
502 2295 537 2349 G.
554 2296 584 2350 L.
602 2296 713 2349 Mahnio
731 2317 755 2349 a.
775 2300 854 2351 1813.
881 2298 1014 2352 Zierizeae
1043 2299 1138 2365 editas)
1156 2319 1181 2370 p.
1200 2302 1261 2355 265.
1279 2294 1336 2349 Cic.

266 2437 267 2441 ,
287 2386 320 2438 ‹le
338 2384 388 2437 Or.
409 2383 429 2450 l,
448 2389 527 2439 5.-
563 2384 660 2439 Franc.
677 2384 765 2456 Sylv.,
785 2406 847 2439 cum
865 2387 893 2439 in
913 2387 997 2453 libro,
1020 2406 1075 2459 qun
1100 2388 1237 2451 utebatur,
1256 2384 1336 2455 legis-

286 2487 339 2528 set:
369 2475 393 2526 si
408 2474 518 2544 paulo
535 2493 564 2526 se
583 2482 734 2540 moveat,
754 2476 893 2547 adscripsit
911 2476 944 2528 ad
972 2476 998 2528 h.
1015 2475 1045 2528 lz:
1070 2474 1120 2541 „ln
1139 2474 1206 2528 Cod.
1225 2475 1335 2545 antiquo

288 2564 382 2617 melius
400 2565 529 2635 scriptum
545 2564 663 2618 videtur:
689 2565 714 2615 si
729 2564 910 2633 paululum
931 2584 959 2616 se
978 2566 1156 2617 moverit.“
1203 2563 1284 2632 Quod
1302 2563 1335 2616 ad

286 2653 371 2722 poulo
389 2663 461 2705 recte
480 2650 604 2721 praetulit
622 2650 750 2715 alterum;
778 2652 911 2704 Futurum
929 2664 1049 2706 exactum
1074 2652 1185 2704 moverit
1203 2670 1259 2704 non
1277 2669 1336 2702 me-

288 2739 339 2791 lius
357 2751 395 2792 est
422 2737 601 2791 coniunctim.
644 2736 697 2789 Sed
724 2750 796 2792 recte
822 2739 940 2803 monuit,
969 2751 1073 2793 motum
1097 2738 1231 2792 histrionis
1257 2736 1336 2799 inisse

290 2827 364 2896 quasi
381 2824 547 2878 saltationem
564 2825 596 2877 ad
615 2844 768 2878 numerum.
803 2825 871 2879 llllr.

358 2914 382 2965 si
397 2913 521 2982 paullum
539 2931 567 2964 se
583 2913 664 2965 necuit
682 2923 762 2965 extro
781 2916 937 2982 numerurm]
976 2913 1052 2980 „lloc
1069 2925 1123 2979 est,
1147 2915 1167 2966 si
1187 2933 1241 2966 non
1260 2931 1336 2966 corn-

290 3001 369 3054 mode
387 2999 488 3053 saltavit
505 3010 552 3052 aut
569 2999 597 3052 in
616 2999 737 3053 saltando
757 3001 874 3073 peccavit
892 3013 986 3054 contra
1004 3002 1076 3072 leges
1087 3000 1240 3054 saltationis.
1276 3001 1337 3051 Nu-

288 3090 352 3141 meri
371 3099 426 3141 tam
444 3087 478 3140 ud
495 3088 624 3141 musicam
642 3088 790 3159 pertinent,
811 3107 892 3159 quam
911 3089 944 3142 ad
963 3089 1136 3143 saltationem.
1172 3088 1215 3141 De
1232 3087 1339 3140 musicis

289 3176 423 3249 Virgilius·
435 3174 540 3245 [Eclog.
558 3175 603 3242 tX,
622 3176 695 3242 45.]:

403 3267 534 3317 Numeros
553 3264 672 3327 memini,
690 3264 714 3315 si
734 3263 814 3316 verbu
832 3274 961 3330 tenerem3

289 3354 321 3405 de
340 3352 508 3406 saltationum
527 3351 647 3423 numeris
663 3352 770 3405 Persius
779 3351 834 3405 Sat.
845 3351 879 3405 V.
898 3354 962 3419 [123
975 3373 1014 3424 sq.
1027 3352 1091 3423 ibiq.
1102 3351 1215 3404 Casauh.
1229 3351 1337 3420 putu]
1435 3404 1438 3409 ,

403 3468 438 3479 -
474 3464 509 3478 -
546 3467 581 3477 —
616 3457 678 3503 nec,
696 3458 756 3490 cum
774 3443 814 3492 sis
831 3450 920 3492 cetera
933 3440 1041 3510 fossor,

408 3531 473 3579 Tres
490 3536 600 3578 tontum
619 3526 658 3577 ad
672 3544 796 3579 numeros
814 3529 910 3598 Satyri
929 3545 1049 3580 moveare
1067 3527 1204 3593 Bathylli.

234 3622 243 3639 ⁸
288 3614 335 3667 Sic
354 3613 427 3667 enim
442 3613 515 3666 laune
532 3612 622 3668 locum
642 3626 713 3668 reete
733 3616 846 3669 restitnit
864 3617 1051 3681 Casaubonus,
1071 3635 1152 3687 quem
1172 3614 1239 3668 vide.
1275 3618 1337 3665 Mo-

290 3702 347 3754 verr'
363 3702 401 3752 ad
417 3720 558 3753 numerum
574 3713 613 3754 est
630 3702 733 3755 saltere.
771 3704 877 3757 Lucret.
901 3705 946 3755 lib.
963 3704 993 3758 ll.
1013 3705 1098 3772 [631]

342 3848 345 3854 .
402 3789 515 3840 Ludunt
526 3789 555 3838 in
566 3808 755 3862 numerumque
768 3794 895 3843 exultant
905 3794 1037 3863 sunguine
1046 3793 1140 3847 laeti.“
1157 3790 1337 3844 Graevius.

290 3875 320 3927 ln
350 3872 419 3925 Edd.
449 3871 557 3928 Walref.
592 3887 618 3928 et
649 3877 790 3949 Forbigeri
823 3879 920 3951 legitur
951 3880 1084 3952 sanguine
1109 3879 1237 3950 sletei:
1270 3898 1339 3950 quos

290 3963 355 4016 vide.
393 3960 451 4014 ΜΓ.

361 4059 440 4100 extro
458 4054 605 4119 numerum]
626 4054 673 4119 „Si
694 4054 784 4109 leviter
802 4059 919 4128 peccavit
938 4069 1031 4110 contra
1050 4056 1121 4126 leges
1138 4066 1226 4125 gestus
1245 4065 1271 4108 et
1288 4056 1340 4108 sal-

290 4141 359 4193 tus.“
396 4137 417 4189 F
424 4156 495 4190 acc.
838 4148 839 4151 ’

360 4244 388 4277 re
405 4224 509 4277 atonis
528 4235 607 4277 extro
627 4231 786 4296 numerurm]
830 4234 971 4297 „Moveot,
990 4242 1098 4303 septem.
1120 4234 1251 4296 noun,
1276 4231 1338 4282 duo.
