3059 4925
287 426 362 501 296
616 452 790 499 ormnoxe
817 452 1011 502 urorcouuu.

288 609 411 682 Amplius
428 609 494 663 baec
508 608 666 663 Plutarchus
684 612 710 663 in
731 611 792 664 Vita
811 609 899 663 Cracai
917 612 986 680 [6.]“
1011 612 1034 665 F
1041 631 1088 666 rc.
1109 611 1201 683 Sylv.
1247 619 1343 681 „Mea-

272 683 340 749 'rem
357 706 396 749 eat
415 694 570 766 metaphora
590 696 623 749 ad
642 698 794 769 augendam
812 697 946 751 invidiam.
983 697 1021 751 Ut
1036 699 1107 752 enim
1129 711 1230 772 tegetes
1245 721 1342 757 cecan-

286 795 331 838 tur
347 784 375 838 iu
395 803 493 848 mesae,
520 784 554 836 ita
573 784 601 836 iu
620 784 711 838 Sullae
737 784 934 856 proscriptione
950 784 1046 839 civium
1066 786 1135 839 oolla
1153 789 1340 843 aeoabautur.“

286 872 384 926 ldem.
421 870 641 942 „Elegantissime
659 883 699 925 est
716 871 883 942 metaphora,
905 891 958 943 qua
977 883 1003 926 et
1021 892 1095 928 mors
1114 874 1236 927 bomine:
1247 876 1341 929 deme-

286 968 341 1012 tere
360 958 458 1013 dicitur
474 970 500 1013 et
517 957 638 1013 hominen
657 979 785 1032 magnum
797 960 904 1014 lucrum
916 979 1028 1014 mercem
1044 961 1214 1015 nominant.·‘
1233 965 1272 1013 W
1278 976 1340 1033 ytt,

286 1046 388 1100 Laudat
405 1045 486 1117 Borg.
513 1047 547 1100 ad
574 1067 631 1101 rem
651 1047 708 1104 Cic.
735 1050 816 1102 Vere.
834 1048 880 1115 lll,
905 1053 948 1104 62.
974 1048 1043 1102 Phil.
1067 1049 1134 1116 vltl,
1152 1052 1178 1103 8.
1197 1079 1232 1089 -
1268 1051 1337 1104 cod.

286 1132 346 1187 Cra.
365 1137 391 1187 1.
408 1132 481 1186 Gud.
498 1133 528 1186 B.
545 1135 647 1191 sillani.
684 1139 742 1190 Cra.
761 1141 787 1192 ²,
809 1136 912 1190 ciliani.
948 1135 999 1192 Oa.
1016 1136 1048 1191 E.
1066 1137 1231 1203 culluuinni,
1250 1137 1336 1199 Onu.

285 1220 310 1271 si
327 1221 394 1272 ullo.
429 1220 497 1274 Cod.
514 1221 594 1276 Drad.
611 1227 636 1276 5.
653 1224 731 1295 quie
755 1225 833 1276 illam
854 1225 963 1277 Sullani
990 1226 1116 1294 temporie
1141 1242 1249 1277 mercem
1271 1245 1336 1277 non

287 1307 461 1360 recordetur?
495 1308 555 1361 Mc·

356 1395 520 1464 recordetur]
538 1396 604 1464 „Sic
624 1417 717 1451 omnes
736 1399 798 1451 mei.
836 1397 1041 1462 Recordatur,
1060 1397 1155 1468 legunt
1171 1397 1244 1450 alii.“
1263 1397 1335 1451 Atd.
1447 1459 1449 1462 v

288 1480 374 1536 Man.
421 1486 481 1550 „Ut
504 1486 554 1550 iie,
579 1484 682 1556 inquit,
707 1486 755 1558 qui
774 1486 884 1537 hoaeete
902 1503 956 1536 rem
975 1495 1156 1555 quaerunt
1177 1487 1336 1537 mercaturis

282 1570 436 1640 faciendis,
454 1573 541 1641 operis
563 1572 674 1633 dandis,
689 1571 806 1641 publicio
826 1571 977 1631 sumendae,-
1002 1571 1177 1642 intelligimur
1195 1590 1263 1640 opue
1279 1589 1336 1622 eree

288 1659 426 1728 quaerito:
444 1661 501 1723 ito,
526 1661 573 1732 qui
597 1660 667 1711 domi
692 1668 758 1710 tuae
776 1658 883 1727 pariter
903 1666 1092 1710 accusatorum
1105 1639 1192 1729 ‘atque
1216 1657 1335 1709 iudicum
1379 1717 1381 1720 ¹

288 1745 451 1797 eoneocictoe
466 1764 561 1818 greges
580 1747 692 1808 videt,
710 1774 745 1783 -
764 1755 791 1797 et
808 1743 948 1817 aliquanto
966 1755 1039 1815 pout:
1070 1747 1118 1816 qui
1134 1746 1209 1797 illota
1227 1746 1336 1798 Sullani

287 1832 412 1900 temporie
429 1850 537 1886 meacm
554 1834 780 1898 recordatur,
809 1834 871 1904 quie
897 1843 925 1884 te
949 1851 1002 1885 nou
1022 1843 1104 1902 putet
1123 1834 1259 1901 confiteri,
1285 1832 1337 1886 tibi

253 1951 258 1957 -
288 1919 410 1987 quaerito
423 1939 490 1989 opue
507 1920 583 1973 ecee?
615 1920 687 1974 llinc
703 1920 781 1986 auus,
800 1919 915 1990 opinor,
944 1918 1077 1991 intelligia,
1096 1940 1152 1974 non
1170 1938 1225 1972 ecee
1241 1917 1335 1989 legen·
1389 1911 1391 1914 ’

288 2004 351 2057 dum
370 2008 556 2074 recordetur,
575 2008 677 2062 etiamsi
697 2026 791 2061 omues
810 2007 915 2060 codices
933 2007 1108 2062 reclament-‘⁸
1133 1999 1334 2061 Moriootua.

286 2093 348 2146 Non
378 2095 486 2166 quidem
513 2095 659 2149 reclamant
683 2095 797 2149 Codicee
821 2114 929 2162 omnen,
962 2095 1008 2149 ced
1036 2094 1135 2149 habent
1158 2095 1335 2148 recordatur

287 2178 373 2231 Codd.
391 2182 448 2233 cru
470 2185 496 2235 1.
514 2186 539 2235 Ι.
556 2183 641 2252 (eolus
658 2183 767 2237 Sueriu.
785 2184 1012 2252 recorderetur).·
1043 2183 1142 2238 habent
1165 2184 1228 2237 item
1247 2201 1336 2234 recor-

287 2267 383 2319 datur
400 2267 467 2322 Eud.
485 2269 620 2332 lambiat
637 2271 734 2325 Colon.
779 2271 833 2324 Sed
852 2271 978 2342 equidem
996 2271 1168 2342 scriptionem
1197 2270 1336 2323 recorda·

286 2363 335 2405 tur
351 2355 496 2411 correctori
515 2357 619 2422 tribuo,
647 2358 693 2431 qui
712 2358 870 2413 Ciceronem
900 2378 991 2412 secum
1018 2359 1095 2412 vellet
1112 2358 1140 2410 in
1161 2358 1334 2412 concordiam

287 2440 417 2514 redigere.
453 2442 510 2501 Nec
527 2466 589 2500 vero
606 2467 620 2500 a
639 2467 667 2501 ee
690 2446 747 2518 ipen
773 2447 879 2502 diuidet
897 2445 1004 2504 Cicero.
1047 2446 1160 2519 lucipitz
1188 2447 1236 2518 qui
1261 2446 1335 2499 uidet

288 2530 358 2582 dorii
375 2542 441 2583 tuae
458 2561 492 2572 -
510 2545 699 2588 accusatorum
718 2564 753 2575 -
770 2555 867 2607 greges
885 2547 935 2590 cet.
955 2535 1030 2607 quusi
1050 2546 1234 2606 perrecturus:
1252 2533 1336 2586 intel·
1427 2584 1431 2591 .

287 2617 350 2687 tigit
368 2618 418 2669 tibi
436 2638 502 2688 opus
519 2639 577 2673 ecee
594 2624 717 2693 quaesito
729 2651 775 2679 -.
810 2623 864 2677 Sed
882 2622 1022 2677 interiecta
1041 2622 1123 2692 longa
1143 2623 1275 2675 sactorum
1293 2619 1333 2671 rel

287 2703 376 2773 potius
391 2706 543 2761 facinorum
559 2711 635 2775 cerie,
654 2721 786 2765 etructura
799 2710 927 2764 orationis
944 2710 1083 2762 immutata
1102 2727 1158 2760 non
1175 2706 1262 2761 colum
1272 2724 1335 2758 mo·

287 2790 352 2843 dum
370 2804 468 2860 mutat,
486 2796 531 2848 ced
550 2798 630 2850 etiam
649 2817 804 2869 personam,
835 2796 983 2869 scribitque
1008 2797 1055 2868 qui
1078 2796 1154 2847 ilicet
1172 2823 1206 2834 ·-
1225 2812 1336 2851 aueum
1364 2825 1370 2833 ·

195 2934 197 2938 Α
288 2881 458 2935 recordetur
475 2911 510 2923 -
537 2886 599 2956 quie
625 2887 697 2938 huuc
725 2889 848 2958 (prote)
872 2904 926 2938 nou
949 2895 1030 2955 putet
1056 2884 1178 2952 confiteri
1201 2882 1252 2936 eibi
1269 2882 1335 2953 (pro

287 2966 352 3027 tibi)
368 2987 436 3037 apua
453 2988 509 3023 eece
527 2973 670 3044 quaerito?
696 2975 772 3045 quasi
790 2993 839 3028 auo
857 2992 948 3040 more,
975 2973 1090 3027 orationi
1107 2971 1233 3042 obliquae
1251 2971 1336 3025 inter·

289 3056 376 3126 potito
396 3058 575 3126 coniunctim,
594 3061 740 3133 scripserit:
760 3065 891 3135 quianon
905 3073 988 3132 putet
1005 3080 1088 3128 eum,
1106 3062 1166 3133 qui
1183 3060 1260 3112 ittam
1269 3058 1336 3110 Sut-

288 3142 345 3196 laru'
368 3149 494 3216 temporie
521 3166 628 3201 meream
655 3153 878 3217 recordetur,
907 3150 1084 3222 confiteri
1110 3148 1162 3201 eibi
1188 3166 1255 3217 opua
1278 3164 1335 3199 ecee

287 3233 430 3303 quaesito?
465 3235 507 3289 De
527 3256 641 3307 perrona
660 3239 800 3293 immutata
818 3240 891 3291 leuno
908 3267 943 3281 -
961 3239 1014 3292 itti
1040 3256 1091 3308 pro
1116 3246 1144 3289 te
1161 3262 1197 3278 -·
1215 3234 1265 3285 tibi
1292 3233 1334 3285 lo·

288 3337 373 3389 queue
389 3320 484 3393 Borg.:
510 3326 584 3389 „Pro
601 3328 674 3379 dunc
690 3327 805 3399 (inquit)
830 3327 934 3382 malunt
958 3324 1084 3381 nonnulli
1108 3335 1143 3378 te.
1192 3321 1333 3375 simillima

287 3408 407 3480 enallage
425 3429 488 3466 uauc
506 3424 544 3466 est
563 3413 631 3470 Phil.
649 3414 682 3480 ll,
701 3419 748 3469 to:
769 3421 811 3468 Te
824 3417 898 3487 fecit
916 3415 1036 3467 heredem
1054 3442 1090 3457 -
1107 3421 1240 3483 tauquam
1257 3411 1334 3461 lrere'e

287 3507 394 3560 ercet,
422 3499 567 3552 incasit.
615 3501 706 3570 Quom
742 3504 887 3558 lectionem
920 3502 1041 3556 defendit
1073 3498 1245 3553 Garatoniue·
1291 3497 1334 3549 De

286 3593 417 3640 etractura
435 3587 463 3641 in
483 3604 537 3641 uua
556 3590 667 3660 periodo
685 3590 783 3646 variato
803 3592 923 3645 rideatur
941 3587 1046 3644 ttutnk
1065 3589 1099 3642 ad
1117 3586 1198 3642 Rutil.
1214 3586 1282 3656 Lup.
1301 3584 1334 3639 ll.

286 3689 313 3738 p.
331 3673 394 3724 w
436 3672 493 3728 Hac
510 3675 544 3729 de
567 3696 596 3731 re
615 3697 677 3732 cum
698 3679 807 3751 longior
824 3683 903 3734 etiam
923 3679 963 3732 eit
974 3676 1097 3731 Moriaoti
1115 3664 1334 3731 annotationum

286 3774 345 3809 eam
365 3775 426 3811 cum
446 3761 491 3827 iic,
511 3782 580 3835 quae
597 3766 676 3820 nobis
692 3767 813 3821 addenda
831 3779 894 3822 eunt
912 3766 979 3833 vica,
996 3766 1024 3819 in
1043 3765 1190 3819 Eacuraum
1200 3761 1246 3816 Xl.
1266 3782 1334 3816 cou-

286 3845 404 3901 iecimua.
448 3849 502 3904 Pro
521 3854 609 3918 uidet,
636 3857 708 3926 quod
727 3875 807 3927 cupra
827 3868 880 3922 eat,
906 3855 959 3922 (cic
978 3855 1025 3926 qui
1042 3855 1140 3904 videl
1165 3851 1235 3904 ‘lomi
1255 3855 1334 3914 lun)

285 3930 387 3989 Gemh.
406 3954 434 3987 ea
452 3936 502 3991 Ed.
521 3940 685 3999 ven-1487.
704 3947 821 3998 enotavit
837 3964 892 3998 eece
911 3944 997 4004 vidit,
1027 3940 1100 4012 quod
1119 3958 1169 3993 uos
1192 3938 1271 3992 etiam
1289 3956 1334 3991 re-

287 4021 407 4093 perimur
422 4023 450 4076 in
469 4037 559 4080 nostra
579 4028 628 4082 Ed.
648 4032 717 4084 Veu.
735 4036 814 4087 tota.
850 4020 911 4084 Mr'.

356 4110 403 4181 qui
427 4122 592 4164 testamenta
616 4118 749 4185 subiecto]
793 4118 867 4172 llaec
898 4119 947 4171 tria
972 4117 1100 4173 vocabula
1126 4117 1281 4171 ecciderunt
1305 4118 1333 4169 in

286 4197 334 4254 Ed.
353 4196 467 4255 Scuttuii
488 4218 631 4272 operarum
649 4215 674 4258 et
691 4207 851 4262 correctorie
869 4206 1039 4279 negligentia.
1075 4206 1140 4261 cod.
1159 4206 1267 4259 Suerin.
1285 4203 1335 4257 ba·
