3059 4925
505 503 702 551 aanrnoxon
724 506 754 552 v.
786 506 854 554 car.
879 509 914 555 ιι.
1096 508 1117 585 sp
1158 490 1232 563 243

183 659 224 711 nis
242 659 328 712 forme
346 658 468 732 loquitur
485 659 629 734 laudatque
647 666 765 716 nostram
785 676 876 718 annot.
895 667 927 720 ad
946 667 1002 721 cic.
1027 668 1061 722 de
1085 669 1166 742 legg.
1185 671 1231 741 tlt,

67 762 73 783 s
183 749 207 800 8.
222 759 247 801 et
265 748 298 801 de
316 748 383 819 Rep.
401 747 423 815 l,
441 752 485 803 tt.
505 770 531 821 p.
551 753 611 807 1²4.
629 747 676 816 ΙΙΙ,
696 755 738 804 12.
765 772 790 823 p.
809 755 870 807 368.
895 753 936 807 ed.
955 765 1037 808 nostr.
1081 755 1163 824 Quod
1181 759 1233 815 hoc

182 833 243 888 loco
261 836 420 908 simpliciter
442 835 541 890 dicitnr
559 839 652 901 mitto,
678 839 707 891 in
725 837 776 892 Or.
803 859 853 910 pro
876 840 954 894 Roec.
978 841 1038 894 Am.
1056 846 1106 896 19..
1130 844 1237 915 plenior¹

99 988 105 998 ι
183 921 355 977 dictumest:
374 924 452 976 rne'tta
472 942 613 997 quaerere,
637 944 692 997 qna
720 927 869 979 decanea:
899 947 979 999 quem
1003 929 1093 983 locum
1117 932 1232 987 laudarit

182 1006 308 1079 Borg.·-
324 1010 412 1081 wyri,
423 1010 456 1063 ad
468 1022 589 1065 nostrum
607 1011 697 1067 locum
716 1013 798 1071 lineet
817 1014 882 1081 „Eat
898 1026 975 1069 acuta
991 1016 1149 1087 significatio
1159 1021 1232 1075 furti.

81 1126 85 1133 ·
183 1093 320 1166 Siquidem
344 1096 459 1150 Romani
487 1099 655 1169 magistratus
677 1101 707 1153 io
732 1101 876 1173 provinciis
900 1103 1050 1157 huiusmodi
1074 1106 1148 1178 rigna
1176 1128 1231 1161 non

184 1182 264 1235 modo
282 1202 297 1236 e
316 1184 428 1256 publicis
446 1185 520 1252 locis,
539 1186 584 1239 sed
604 1187 683 1240 etiam
702 1207 717 1240 e
736 1189 900 1259 privatorum
920 1190 1045 1245 domibus
1062 1188 1168 1247 anferre
1187 1215 1232 1248 so-

183 1267 289 1336 lebant3
307 1291 389 1343 quam
405 1274 433 1326 in
453 1293 511 1326 rem
530 1275 591 1328 satie
610 1275 764 1330 documenti
783 1276 911 1331 habemus
929 1278 1079 1333 orationem
1089 1281 1232 1336 Verrinam

183 1355 230 1409 111.
247 1358 399 1427 ciceronis,
419 1380 489 1433 quae
507 1373 546 1415 eet
563 1362 596 1415 de
614 1363 724 1435 ἀφῆκέ(
743 1393 778 1404 -
801 1365 856 1418 Pro
875 1366 1066 1419 sunamitin
1086 1368 1232 1422 Cod.Sue·

182 1442 233 1497 rin.
249 1456 289 1498 ert
306 1445 476 1503 eabstnlerie.
512 1451 572 1502 ΜΓ.

193 1538 197 1543 ’
253 1534 383 1602 quomodo
398 1533 520 1602 habeam]
552 1536 642 1607 Vulgo
660 1546 694 1589 et
713 1540 840 1609 quomoda
858 1538 966 1593 habear.
1000 1539 1093 1593 Deleri
1105 1550 1141 1606 et,
1158 1543 1231 1613 quod

181 1617 278 1671 abiecit
295 1618 373 1672 etiam
392 1619 493 1686 Banu„
514 1621 619 1675 uncinis
636 1623 802 1677 incluserunt
820 1624 922 1677 Gernlr.
940 1637 967 1679 et
982 1626 1042 1692 On,
1061 1647 1123 1682 cum
1141 1630 1232 1684 abesse

182 1722 242 1759 eam
268 1704 390 1785 voculam
415 1706 534 1760 vidissem
559 1707 677 1762 aCodd.
703 1709 769 1762 Oxx.
787 1709 818 1763 E.
836 1711 856 1763 l.
874 1711 953 1763 Drsd.
973 1717 998 1765 2.
1016 1715 1042 1765 3.
1068 1714 1146 1767 Sner.
1165 1716 1234 1771 Edd.

181 1810 239 1861 pra.
255 1795 337 1847 tata.
356 1794 425 1847 Vict.
442 1794 503 1848 Arc.
521 1799 599 1850 1511.
617 1796 684 1849 Rob.
703 1795 796 1868 Steph.
812 1796 917 1851 Camer.
941 1798 1031 1852 Herw.
1057 1801 1128 1855 Tbn.
1145 1805 1235 1859 Acce-

181 1880 219 1933 dit
241 1879 316 1933 locue
333 1882 481 1936 simillimus
500 1886 576 1937 Verr.
594 1885 640 1950 lV,
662 1887 711 1938 taz
730 1886 754 1937 ei
773 1903 843 1958 qaae
861 1885 972 1938 tabulae
987 1887 1109 1956 profers,
1134 1890 1162 1940 in
1180 1891 1231 1956 leia,

80 1977 81 1980 ’
180 1969 269 2038 quid
285 1968 1064 2042 habear,quomodehabeaa‚eeriptumnoneet·
1099 1974 1232 2046 Proque·

180 2055 257 2107 modo
274 2066 313 2110 eet
331 2076 384 2128 qao
400 2057 429 2110 in
448 2055 516 2110 Cod.
534 2057 628 2122 Sner.;
653 2077 744 2112 errore
763 2078 792 2110 ex
816 2059 950 2113 scribendi
976 2059 1138 2130 compendio
1163 2073 1231 2115 orto.

181 2140 210 2195 ln
229 2140 281 2195 Or.
300 2142 331 2195 Ε.
347 2155 407 2214 poet
424 2143 524 2197 tatem
543 2157 580 2199 est
598 2145 683 2216 gloeea
701 2146 767 2200 ista.
804 2145 862 2199 Mr.
963 2154 965 2159 '

254 2232 407 2283 Intt'eentem
420 2239 466 2297 te,
483 2233 677 2296 admirantem,
695 2233 824 2285 clamoren
842 2233 990 2299 tollentem]
1018 2233 1048 2285 ln
1067 2231 1125 2285 Cre.
1145 2239 1170 2287 2.
1188 2235 1231 2288 di-

179 2321 307 2374 stinctum
326 2330 365 2372 eet
381 2319 543 2385 intuentem,
570 2331 597 2371 te
614 2320 800 2374 admirantem,
827 2321 905 2373 Dred.
922 2326 950 2375 4.
978 2320 1056 2373 hebet
1082 2321 1232 2375 intuentes

178 2418 221 2471 te,¹
241 2409 273 2460 in
293 2407 371 2462 Dred.
389 2410 415 2460 1.
434 2411 459 2462 8.
478 2407 555 2461 Sner.
575 2419 615 2461 est
630 2418 665 2458 et
682 2408 869 2464 admirantem.
911 2408 965 2459 Pro
987 2409 1136 2461 intuentem
1153 2406 1232 2464 habet

177 2495 248 2550 Cod.
269 2494 340 2550 Gud.
363 2495 397 2549 A.
414 2495 528 2565 glossam
546 2506 706 2564 stupentem.
748 2494 780 2548 ln
799 2495 851 2549 Or.
868 2495 899 2547 Ε.
918 2506 957 2549 est
974 2496 1123 2548 intuentem
1140 2506 1182 2558 te,
1201 2507 1233 2548 te

176 2585 372 2642 admirantem,
399 2583 472 2655 quod
491 2583 570 2636 habet
596 2583 706 2636 nimiam
732 2582 790 2636 lere
807 2583 926 2645 ἔμφασιν.
969 2582 1136 2636 Contrariam
1153 2581 1235 2637 hahet

179 2673 247 2739 vim,
276 2671 350 2743 quod
369 2682 406 2724 est
429 2671 458 2723 in
476 2671 570 2723 eadem
597 2670 667 2724 Cod.
681 2681 708 2724 et
726 2670 806 2723 Dna
824 2675 850 2725 2.
868 2681 904 2721 et
930 2670 1073 2730 clamorem·
1102 2669 1233 2741 posterior

181 2761 268 2831 pergit
287 2777 358 2811 curn
378 2759 514 2810 tollentem
532 2760 615 2813 video.
657 2760 738 2813 Drsd.
754 2763 780 2814 4.
799 2777 861 2813 cum
880 2757 1003 2813 Gndd,
1029 2756 1108 2814 habet
1132 2757 1233 2809 clama-

180 2867 243 2905 rem.
281 2846 444 2918 Displicebat
462 2847 572 2900 fortasse
590 2848 737 2901 correctori
756 2846 797 2899 vel
814 2845 992 2917 grammatico
1020 2843 1121 2898 homini
1140 2844 1232 2914 plura-

179 2934 210 2988 lia
229 2953 374 3001 numerus,
393 2939 449 2987 non
468 2934 602 3005 reputanti
620 2933 695 2989 hunc
713 2935 801 3006 iprum
822 2932 954 3004 pluralem
972 2950 1027 2984 eree
1048 2930 1172 2984 Ciceroni
1189 2949 1232 2983 sa·

179 3017 212 3074 tie
228 3023 417 3093 frequentem,
437 3022 501 3076 locis
522 3022 607 3092 qualit
625 3034 663 3075 eat
681 3033 774 3075 noster
791 3033 817 3076 et
842 3020 887 3073 hic
907 3020 963 3072 iere
981 3017 1156 3089 geminando
1180 3017 1231 3071 Or.

179 3109 199 3174 l,
217 3113 276 3165 aaz
296 3110 363 3161 leaeo
380 3120 460 3176 eunt,
485 3129 554 3181 qaae
580 3110 750 3162 clamoren
769 3120 797 3161 et
815 3107 1082 3160 admirationes
1105 3106 1133 3155 r'n
1158 3103 1232 3157 bonis

179 3196 333 3250 oratoribus
350 3197 486 3268 efficiant.
523 3199 577 3251 Pro
596 3197 732 3250 tollentem
750 3208 789 3251 est
813 3196 982 3248 attollentem
1009 3194 1037 3246 in
1061 3210 1115 3245 rar.
1139 3189 1231 3259 Magn.

179 3294 206 3337 et
223 3283 296 3337 Cod.
312 3283 419 3338 Suerin.
455 3286 510 3339 Pro
529 3286 605 3339 videa
622 3295 660 3339 est
678 3285 769 3337 videro
787 3284 816 3336 in
834 3281 914 3335 Dred.
934 3286 959 3334 2.
978 3284 1005 3334 4.
1026 3277 1103 3333 male.
1140 3276 1234 3347 Pergit

179 3370 259 3425 Drad.
279 3374 306 3424 1.
327 3377 484 3425 te'eeream
501 3392 565 3427 esre.
603 3375 706 3427 Vocem
723 3383 751 3425 te
769 3371 896 3425 omittunt
920 3366 1004 3421 coda
1023 3364 1088 3418 Orx.
1107 3363 1138 3418 E.
1157 3385 1183 3433 η.
1202 3382 1231 3427 ψ.

180 3458 275 3514 Dnieb.
292 3458 374 3512 Drsdi
392 3464 417 3513 5.
438 3458 496 3512 Cre.
512 3465 537 3516 1.
586 3461 639 3514 Sed
665 3461 692 3513 in
712 3471 847 3532 postremo
873 3458 906 3511 ab
933 3454 967 3509 al.
985 3473 1021 3508 m.
1042 3451 1165 3511 odellium
1188 3463 1233 3506 eet.

181 3543 243 3601 Cra.
259 3551 286 3600 2.
302 3546 381 3600 Dred.
399 3551 425 3603 3.
442 3547 541 3601 habent
567 3550 682 3600 omnium
699 3548 872 3617 ineptiarum.
909 3543 980 3597 Gud.
1000 3542 1030 3595 Α»
1056 3541 1171 3593 omnium
1188 3539 1232 3590 in-

179 3636 317 3703 eptr'drnrn
333 3645 452 3697 terrae5
480 3635 553 3690 Gad.
571 3635 601 3689 B.
626 3654 682 3688 eree
706 3636 915 3688 taeniarum
933 3631 981 3700 (an
1001 3627 1104 3681 volebat
1121 3628 1231 3682 tonnae

180 3721 379 3790 inertior-affl)
399 3724 522 3777 omnium.
561 3723 629 3778 cod.
648 3720 829 3776 Suenhabet.
846 3730 995 3772 teretrum
1013 3734 1078 3768 eree·
1113 3714 1144 3767 M
1150 3734 1172 3769 r.

252 3809 284 3859 N
286 3827 326 3860 on
344 3810 432 3881 igitur
448 3822 513 3863 eunt
532 3812 598 3863 itta
611 3809 741 3883 stativa?
764 3813 853 3862 Sunt
870 3806 917 3873 -]
951 3803 1013 3858 Hoc
1030 3802 1091 3857 loco
1109 3802 1173 3856 milri
1192 3813 1232 3856 ter

180 3895 214 3947 ab
241 3892 293 3949 οο.
312 3895 505 3951 discedendum
530 3898 589 3953 tuit.
631 3899 753 3952 Primum
778 3896 840 3950 dedi
859 3896 921 3947 Nan
946 3910 997 3963 pro
1023 3909 1118 3946 nenne.
1163 3889 1231 3942 lllud

180 3981 286 4036 volebat
304 3982 357 4036 iam
375 3982 458 4051 Ero„
478 3985 524 4057 qui
547 4003 622 4040 more
647 4006 695 4040 eno
712 3984 847 4042 Laconico
866 3981 895 4035 in
919 3978 1092 4034 annotatione
1115 3976 1230 4046 scripsit:

179 4067 356 4139 „legendnm
375 4082 442 4142 puto
462 4083 508 4126 aut
527 4073 558 4123 N
560 4092 600 4126 an
618 4074 705 4145 igitur
722 4083 769 4127 aut
788 4074 881 4124 Nonne
905 4067 1024 4141 inquit
1047 4063 1088 4118 rel
1115 4063 1231 4133 inquie.“

177 4153 293 4207 Causam
315 4175 374 4209 non
393 4158 502 4214 addidit.
545 4159 604 4231 Ego
622 4181 685 4215 vero
703 4180 765 4216 cum
784 4160 813 4213 in
832 4158 900 4214 cod.
918 4156 997 4211 Suet.
1022 4164 1049 4205 et
1066 4169 1120 4205 rar.
1138 4148 1230 4218 Magn.

170 4240 292 4312 reginem
309 4260 386 4309 non,
404 4243 431 4295 id
451 4246 635 4316 recipiendum
653 4249 714 4304 ideo
733 4249 810 4317 duxi,
840 4247 902 4319 quia
928 4238 1058 4296 eiusmodi
1082 4237 1233 4306 interroga·
1317 4323 1319 4330 ,

877 4329 947 4403 16*
