3059 4925
518 479 714 526 ramooxon
738 479 781 524 rr.
810 480 878 526 aar.
901 483 922 527 r.
1174 457 1246 532 165

198 649 235 692 est
254 638 296 704 lll,
314 642 341 705 4,
361 643 391 693 ιιι
417 638 466 691 Ed.
486 649 569 692 nostr.
589 638 621 690 Τ.
641 635 674 691 ll.
702 657 727 707 p.
746 641 781 691 28
799 658 857 710 sqq.
905 639 1031 711 Denique
1060 638 1134 695 locus
1158 642 1248 696 Plato-

198 726 250 778 nici
269 724 413 779 Alcibiadis
431 724 540 779 secundi
560 737 597 779 est
618 728 716 797 pato.
735 725 827 797 Stepb.
848 730 946 796 pm.
965 726 1046 781 Bett.
1065 727 1095 780 P.
1106 726 1127 784 l.
1141 730 1199 784 Vol.
1209 730 1234 784 ll
1241 753 1247 784 ε

198 810 289 865 ου’νοῦν
310 819 438 883 μέμνησαι
465 808 626 881 ὅμολογὴσας
651 807 800 865 ὑπεναντίον
817 808 882 866 εἶναι
902 820 997 876 μανίαν
1011 813 1150 886 φρονήσει]
1193 817 1250 884 „Ut

197 902 224 953 in
244 902 345 955 morbis
364 900 485 971 corporis
503 899 588 952 multo
606 899 689 952 levior
713 898 840 967 stultitia,
867 921 949 972 quam
978 901 1080 954 insania
1108 901 1248 956 existimari

198 988 277 1053 solet,
298 988 334 1040 ita
352 987 381 1039 in
400 987 500 1050 morbis
518 987 600 1040 animi
619 987 719 1039 insania
739 985 824 1040 multo
843 987 949 1058 gravior
968 990 1110 1043 existimata
1125 1000 1176 1043 ests
1196 1010 1247 1062 qua

199 1075 293 1129 stultus
312 1076 424 1141 dicitur,
453 1075 499 1146 qui
526 1074 605 1132 etiam
632 1074 688 1126 lere
715 1071 826 1145 aliquod
843 1075 945 1129 crimen
964 1076 1084 1142 admisit,
1114 1076 1194 1128 etiam
1219 1096 1248 1130 ex

199 1162 391 1233 imprudentia:
418 1164 527 1216 insanus
545 1181 621 1227 vero,
646 1159 692 1231 qui
723 1162 813 1214 multis
835 1164 991 1218 criminibus
1021 1165 1060 1217 rel
1091 1164 1249 1235 gravissimis

147 1307 151 1312 .
199 1250 285 1303 dedita
304 1269 385 1321 opera
404 1250 531 1321 susceptis
545 1250 584 1322 ,ita
602 1269 630 1302 se
649 1249 809 1319 implicavit,
830 1263 860 1305 ut
878 1249 929 1306 boc
948 1252 1035 1322 ipsum
1055 1271 1167 1323 peccare
1186 1271 1248 1320 eum

199 1336 322 1401 delectet,
347 1337 447 1389 etiamsi
474 1336 546 1392 nulla
564 1335 694 1409 peccandi
722 1356 802 1390 causa
821 1338 862 1392 sit.
907 1339 991 1394 Stoici
1014 1360 1076 1393 rero
1102 1352 1132 1394 ut
1158 1340 1248 1394 omnia

198 1434 307 1494 peccata
327 1424 475 1492 existimant
492 1424 629 1497 aequalia,
656 1424 691 1478 ita
715 1425 999 1480 stultitiam-insaniae
1025 1447 1118 1499 parem
1136 1428 1248 1483 faciunt.

196 1510 254 1565 lloc
271 1522 361 1564 autem
379 1511 517 1565 Paradoxo
537 1531 592 1565 non
611 1523 666 1565 tam
686 1514 785 1583 probat
803 1514 916 1581 Cicero,
934 1535 1016 1586 quam
1036 1516 1114 1570 docet
1132 1517 1162 1569 P.
1184 1515 1249 1569 Clo·

198 1597 271 1649 dium
299 1598 424 1651 insanum
455 1618 527 1663 esse,
560 1617 675 1669 eumque
705 1599 796 1652 multis
825 1601 930 1672 legibus
952 1603 1109 1656 damnatum
1133 1604 1248 1658 exsulem

197 1684 292 1751 luisse,
311 1686 430 1757 quamvis
447 1685 534 1738 solum
553 1705 607 1738 non
627 1677 780 1754 mutaverit:
801 1707 909 1740 severo
928 1689 1042 1742 exsulem
1063 1691 1142 1743 luisse
1160 1704 1248 1763 negat,

182 1773 326 1847 'quamvis
346 1786 376 1827 ut
391 1773 524 1826 Clodiano
543 1773 628 1840 surpri
648 1775 763 1841 cederet,
784 1793 813 1827 ex
832 1776 901 1828 urbe
918 1776 1051 1829 exiverit.“
1071 1776 1140 1830 Frc.
1159 1776 1249 1849 Sylr.

197 1861 333 1929 „Additur
350 1860 422 1934 apud
442 1861 592 1932 Diogenem
612 1862 641 1929 [l.
653 1864 688 1929 c.]
708 1864 791 1916 ratio:
813 1860 843 1915 orl
859 1860 911 1933 peip
930 1869 1068 1933 oportunus
1086 1857 1162 1930 εἶναι,
1181 1861 1249 1918 ἄλλο’

198 1948 264 2002 κατὰ
285 1947 332 2019 τήν
357 1953 415 2019 ἴσην
437 1951 472 2020 τῇ
496 1946 630 2019 ἀφροσύνῃ
656 1957 751 2010 μανίαν
779 1947 913 2021 πράττειν.
952 1949 1080 2021 ’Ἀφρονοσ
1093 1962 1166 2006 ‚sunt
1195 1950 1246 2017 laic,

198 2038 253 2091 illic
270 2043 361 2107 μωροί.
396 2036 469 2090 ldem
488 2037 544 2090 lere
562 2037 706 2104 differunt,
727 2038 800 2110 quod
820 2039 920 2093 Latinis
944 2040 1100 2108 insipientes
1119 2050 1145 2093 et
1155 2040 1247 2108 fatui.

197 2124 317 2178 Elsertur
334 2125 413 2178 etiam
432 2122 508 2178 aliter
525 2125 558 2176 ab
577 2124 636 2195 ipso
655 2124 788 2179 Cicerone
813 2126 843 2178 in
860 2126 903 2179 ltt.
919 2126 1037 2194 Tuscul,
1056 2127 1089 2181 ad
1108 2127 1246 2182 Socratem

201 2222 338 2266 auctorem
357 2212 409 2266 hoc
426 2211 600 2276 Paradoxon,
620 2222 650 2264 ut
667 2223 755 2265 cetera
775 2232 894 2285 quoque,
915 2215 1056 2268 referente.
1092 2213 1180 2267 Miror
1197 2233 1246 2267 au·

199 2313 251 2354 tum
267 2302 379 2354 istorum
396 2299 536 2353 bominum
554 2299 747 2366 temeritatem,
765 2300 811 2371 qui
830 2301 889 2354 ausi
904 2312 967 2354 sunt
984 2301 1091 2355 infitiari
1109 2300 1174 2355 haec
1193 2320 1247 2355 esse

160 2440 162 2443 ,
199 2388 349 2455 Socratica,
377 2407 438 2442 cum
458 2387 581 2442 Socrates
598 2388 655 2458 ipse
681 2388 709 2440 in
728 2387 812 2441 altero
834 2388 972 2442 Alcibiade
998 2389 1144 2442 manifestis
1162 2390 1248 2442 verbis

199 2474 363 2529 Alcibiadem
382 2476 503 2529 insuam
531 2476 688 2529 sententiam
716 2475 822 2531 trahere
840 2488 954 2531 conetur
972 2488 1001 2531 ut
1020 2477 1110 2531 credat
1136 2474 1167 2529 ro*
1185 2485 1247 2539 μοι’-

198 2568 292 2615 νισθαι
304 2557 461 2614 ’ὑπεναντίον
479 2557 543 2614 εἶναι
556 2565 750 2633 episcopante.
787 2563 867 2617 Unde
884 2565 1043 2619 Ciceronem
1058 2566 1158 2619 bonam
1170 2565 1246 2621 istam

190 2632 366 2703 'Tusculanae
384 2650 568 2721 disputationis
586 2661 690 2723 partem
709 2650 851 2722 sumpsisse
868 2653 1014 2707 obscurum
1036 2673 1090 2707 esse
1108 2672 1164 2706 non
1186 2664 1248 2724 pot-

199 2744 245 2791 est’.
281 2736 335 2789 Sed
353 2736 419 2813 haec
436 2737 543 2791 interim
563 2758 606 2791 me
630 2750 703 2793 tenet
722 2739 754 2792 de
774 2739 904 2793 Cicerone
928 2741 1084 2806 admiratio,
1112 2740 1186 2812 quod
1204 2741 1247 2792 il.-

199 2822 372 2891 tqnsoiroroc
389 2836 470 2896 negat
488 2825 537 2877 sibi
557 2838 687 2892 constare,
707 2826 779 2879 unde
797 2826 894 2881 Graeci
912 2834 1006 2888 μανίαν
1024 2827 1168 2897 appellent,
1185 2846 1247 2881 cum

199 2910 271 2965 bunc
288 2923 374 2965 totum
392 2912 511 2966 Platonis
532 2914 623 2967 locum
649 2915 771 2967 insuam
800 2914 904 2968 tertiam
923 2915 1103 2968 Tusculanam
1130 2924 1245 2969 transtu·

199 2999 257 3054 lisse
277 2999 408 3066 rideatur,
427 3001 474 3053 ubi
492 2997 539 3070 τήν
558 2997 724 3070 σωφροσύνην
742 3003 778 3072 τῇ
795 3008 875 3069 μανίᾳ
894 3022 923 3053 er
942 3003 1081 3073 opposito,
1108 3002 1246 3056 Socratico

199 3108 289 3153 more,
308 3089 411 3159 ponit.“
431 3088 455 3140 Χ
462 3100 522 3158 yst.
540 3088 649 3145 Betui.
685 3089 803 3156 „Quarti
821 3089 951 3142 Paradoxi
970 3089 1060 3154 thesis,
1080 3109 1148 3161 quae
1167 3088 1246 3161 vulgo

199 3177 370 3240 adscribitur,
396 3176 567 3247 disputationi
586 3197 641 3229 non
660 3177 793 3230 conreoit.
838 3177 900 3230 Nou
926 3179 997 3230 enim
1027 3177 1122 3231 Cicero
1151 3178 1248 3248 probat

200 3283 292 3318 omnes
309 3263 401 3317 stultos
419 3264 551 3331 insanire,
574 3264 620 3316 sed
647 3262 718 3319 solos
742 3264 873 3335 sapientes
898 3284 954 3316 esse
982 3264 1065 3330 cives,
1091 3264 1246 3335 ubicunque

200 3353 311 3419 suerint,
341 3363 366 3404 et
384 3371 478 3405 omnes
495 3353 633 3423 improbos
650 3352 775 3423 fugitivos
795 3364 821 3406 et
838 3351 927 3404 exules
944 3371 1007 3404 esse.
1048 3349 1139 3422 ltaque
1158 3353 1247 3423 potius

199 3440 398 3494 inscribendum
417 3450 456 3493 est
473 3433 514 3491 dar
536 3442 630 3500 πάντες
655 3442 678 3493 οἱ
703 3445 776 3503 copel
802 3443 909 3493 πολῖται
932 3445 975 3491 καὶ
999 3435 1092 3497 πάντες
1116 3439 1139 3490 οἱ
1164 3444 1246 3511 μωροὶ

200 3524 340 3593 φεύγοντος.
387 3527 444 3582 Nec
461 3532 559 3594 diceas,
587 3549 655 3601 quae
671 3530 814 3583 Paradoris
832 3538 1051 3601 praeponuntur,
1081 3528 1245 3582 aCicerone
1317 3583 1321 3591 ,

199 3616 308 3670 sortasse
326 3616 492 3688 praepositae
509 3629 585 3684 suut,
606 3617 708 3672 sedvel
722 3618 840 3683 Tirone,
870 3617 917 3688 qui
935 3615 1073 3668 Ciceronis
1100 3614 1182 3668 libros
1204 3616 1244 3669 di·

200 3704 291 3775 gessit,
312 3703 351 3756 rel
369 3704 402 3756 ab
422 3704 512 3777 aliquo
530 3706 597 3773 alio,
616 3709 663 3780 qui
681 3705 859 3777 negligentius
877 3703 1106 3769 animadverteret,
1126 3704 1189 3775 quid
1203 3704 1246 3760 bic

198 3803 329 3862 ageretur.
363 3791 431 3845 Tota
446 3813 508 3847 vero
527 3795 645 3848 oratioa
669 3793 733 3848 tlaesi
751 3791 966 3864 adbypotbesin
985 3790 1146 3858 traducitur,
1165 3803 1195 3845 ut
1213 3793 1246 3846 sit

198 3878 283 3949 magis
301 3879 450 3951 popularis:
479 3882 555 3935 cuius
573 3882 640 3935 dnae
660 3892 722 3935 sunt
740 3894 843 3952 partes:
868 3899 937 3944 una,
965 3879 1038 3950 quod
1063 3879 1159 3933 Cicero
1189 3900 1244 3933 non
1283 3918 1286 3924 -

201 3967 280 4021 suerit
297 3968 369 4020 exul:
388 3967 484 4022 altera:
505 3970 577 4039 quod
597 3971 625 4021 P.
645 3970 770 4033 Clodius,
789 3969 851 4022 licet
867 3968 969 4021 Romae
987 3967 1033 4034 sit,
1053 3966 1135 4019 nihilo
1154 3977 1244 4019 tamen

200 4054 290 4107 minus
308 4054 340 4107 sit
357 4055 424 4108 exul.
467 4055 535 4109 Nam
550 4057 584 4130 Ρ
601 4058 710 4111 Clodius
728 4057 842 4127 passim,
870 4055 1027 4106 Ciceronem
1054 4050 1244 4107 contumeliose

200 4159 308 4204 vexans,
339 4140 440 4194 exulem
470 4143 649 4213 appellabat.“
688 4145 769 4198 Aud.
795 4143 952 4196 Talaeus.
1012 4141 1168 4207 „Paradoxo
1194 4136 1246 4188 boc

199 4240 295 4299 quarto
315 4227 472 4298 probaverat
490 4228 602 4285 Cicero:
634 4234 713 4287 Solus
737 4233 843 4302 sopiens
862 4246 946 4282 sanus
963 4237 1018 4278 est:
1048 4243 1133 4277 omrres
1156 4232 1246 4274 antem
