3059 4925
291 441 362 516 168
615 465 789 512 asamona
817 465 1012 514 srorcoruu.

357 631 416 698 Ego
432 645 493 679 vero
512 627 549 693 te]
570 623 659 691 „Satis
675 624 832 694 intelligitur
849 623 974 677 Clodium
995 627 1057 696 peti,
1077 628 1153 681 cuius
1171 626 1229 698 lege
1240 626 1336 683 Cicero

287 712 378 784 pulsus
396 713 498 767 civitate
515 713 617 777 suerat;
636 712 736 783 quique
756 712 932 777 Ciceronem,
959 713 1021 768 licet
1039 715 1093 767 iam
1112 716 1272 782 restitutum,
1291 728 1338 769 ex·-

217 871 222 874 =
247 871 250 873 v
287 800 370 855 sulem
386 800 521 873 appellare
539 800 648 854 solebat.
681 800 810 872 ¹Ceterum
829 797 881 853 boc
905 799 969 852 nibil
994 800 1052 854 fere
1069 801 1132 855 facit
1155 802 1188 855 ad
1207 803 1336 856 Paradoxi

288 887 402 942 titulum.
437 887 476 939 Ex
496 906 551 959 quo
569 887 706 958 sequitur,
736 884 776 938 rel
806 885 912 939 titulum
940 886 1106 943 aCiceroue
1125 909 1180 944 non
1199 911 1268 957 esse,
1297 891 1335 943 vel

288 975 480 1029 exercitationis
495 973 572 1028 buius
589 986 692 1046 partem
710 973 853 1026 maximam
871 974 1042 1028 desiderari.“
1061 976 1160 1031 Face.

357 1065 416 1133 Ego
435 1083 496 1115 vero
510 1064 548 1130 re]
586 1061 687 1116 Contra
704 1060 848 1115 Fasciolati
875 1062 1033 1116 senteutiam
1059 1076 1152 1118 menet
1169 1064 1271 1118 Gereb.
1289 1064 1336 1118 Ci-

288 1169 427 1216 neronem,
446 1168 509 1203 cum
527 1150 555 1202 iu
570 1149 686 1202 mediam
704 1168 762 1201 rem
781 1149 884 1220 rapiat,
911 1143 1081 1204 acerbissimo
1100 1151 1162 1204 odio
1180 1152 1335 1215 adductum,

288 1236 471 1307 praetermissa
488 1237 562 1289 omui
581 1235 813 1308 argumentatione
832 1236 1011 1290 moderatiore
1030 1249 1056 1291 et
1069 1238 1141 1292 stulti
1158 1238 1275 1293 bominis
1288 1238 1336 1291 de-

289 1323 432 1395 scriptione
450 1344 495 1389 ea,
516 1344 583 1396 quae
601 1324 815 1395 exspectabatur,
834 1325 921 1378 statim
940 1324 1119 1378 adversarium
1138 1338 1243 1398 petere,
1260 1344 1335 1379 eum·

289 1429 341 1483 que
359 1431 441 1483 quem
458 1415 574 1466 stultum
591 1432 670 1484 saepe
687 1411 854 1483 appellasset,
872 1413 1006 1482 asperiore
1023 1414 1210 1484 potiusr'nseni
1227 1413 1335 1468 nomine

289 1511 396 1567 notare,
417 1501 519 1573 qnippe
536 1501 581 1573 qui
599 1516 656 1553 nou
674 1498 768 1552 viderit
786 1499 873 1569 ipsum
890 1518 945 1553 esse
964 1500 1076 1568 exulem,
1094 1520 1157 1555 cum
1173 1500 1277 1554 exulare
1293 1500 1336 1553 iu·

243 1639 245 1648 ,
288 1587 364 1640 beret
382 1588 466 1640 virum
484 1589 646 1660 sapientem:
665 1589 700 1640 ita
720 1577 782 1639 euin
802 1585 868 1639 illud
886 1587 1058 1653 Paradoxon,
1078 1588 1180 1640 stultos
1196 1607 1253 1640 esse
1269 1607 1336 1639 exu-

288 1674 326 1726 les
342 1674 408 1743 (Or.
427 1695 477 1746 pro
495 1675 609 1728 Murena
628 1677 671 1741 29,
691 1674 764 1743 bb),
783 1673 862 1727 simul
880 1675 1002 1746 attigisse.
1050 1675 1135 1729 Aliter
1152 1674 1336 1745 sentitllorg,

240 1754 245 1764 ¹
289 1760 335 1832 qui
353 1762 482 1816 Paradoxi
506 1763 707 1835 inscriptionem
733 1773 759 1815 et
790 1762 872 1832 ipsius
895 1763 1024 1817 orationis
1047 1763 1168 1829 initium,
1195 1783 1279 1835 usque
1304 1761 1336 1815 ad

288 1850 457 1916 necessariis,
478 1869 540 1904 curn
559 1852 730 1922 sequentibus
748 1868 805 1902 non
824 1850 967 1905 cohaerere
987 1851 1121 1905 existimat.
1162 1851 1253 1919 Quam
1276 1868 1337 1902 sen·

290 1935 400 1989 tentiam
418 1938 497 1991 etiam
515 1936 636 2009 Scioppii
655 1938 735 1990 fuisse
758 1956 840 2007 supra
860 1938 980 1993 vidimus.
1024 1939 1117 1992 Videri
1144 1940 1225 2010 igitur
1248 1947 1337 1991 censet

291 2025 428 2093 sequentia
456 2036 600 2078 extremam
626 2035 728 2095 partem
754 2022 863 2077 alterius
888 2025 1018 2079 Paradoxi
1042 2024 1209 2080 Stoicorum:
1243 2028 1336 2075 Omnes

289 2111 386 2177 probos
403 2129 459 2162 esse
477 2112 562 2177 cives,
591 2122 619 2163 et
645 2131 731 2164 omnes
754 2111 885 2181 improbos
901 2132 958 2165 esse
975 2114 1083 2165 exules:
1107 2113 1218 2165 laudans
1234 2110 1336 2163 Mabnii

291 2196 422 2273 Epistulas
439 2198 578 2253 Sodalium
593 2198 785 2253 Philomatbiae
802 2201 831 2269 (a
850 2200 1060 2272 Wyttenbacbio
1078 2200 1174 2266 editae)
1192 2219 1217 2269 p.
1230 2201 1282 2251 268
1294 2218 1334 2267 sq.

291 2286 337 2339 ubi
356 2297 407 2340 ests
427 2286 526 2352 „Plura
544 2288 663 2355 suerunt,
683 2307 764 2360 quam
782 2301 849 2361 quot
863 2297 937 2343 nunc
954 2300 1068 2355 exstant,
1086 2286 1167 2341 libelli
1185 2286 1334 2340 Paradoxo-

291 2390 351 2424 rum
372 2373 471 2444 capita:
489 2375 620 2447 siquidem
641 2378 734 2447 quarti
760 2376 866 2430 initium
885 2389 923 2431 est
948 2379 981 2431 de
998 2377 1096 2449 placito
1120 2379 1214 2428 Omnes
1236 2374 1336 2426 stultos

289 2461 425 2529 insanire,
444 2465 490 2517 sed
509 2483 570 2517 mox
588 2464 687 2518 verbis:
716 2464 795 2517 rebus
814 2467 919 2518 vincam
937 2467 1094 2518 necessariis
1118 2466 1147 2518 in
1165 2462 1236 2517 aliud
1253 2461 1337 2514 Para-

291 2549 387 2604 doxum
409 2552 501 2606 transit
524 2551 575 2604 boc
592 2571 692 2604 ornnem
710 2551 821 2616 probum
847 2570 903 2604 esse
928 2555 1009 2605 civem
1027 2563 1077 2606 etc.
1102 2552 1178 2605 cuius
1201 2549 1338 2620 vestigium

291 2638 424 2709 reperitur
442 2640 512 2707 apud
530 2639 676 2692 Stobaeum
693 2639 788 2710 Eclog.
807 2639 892 2693 Etbic.
912 2661 937 2712 p.
950 2645 1010 2694 280.
1035 2639 1077 2693 ed.
1101 2640 1215 2692 Heeren.
1234 2634 1338 2703 φυγάδα

291 2723 493 2787 πάντα’φαῦλον
510 2720 599 2780 εἷναι.“
636 2727 717 2779 Addit
731 2725 856 2780 Mabnius
870 2727 1107 2798 Wyttenbacbium
1121 2726 1253 2797 insignem
1263 2725 1340 2779 buius

292 2811 374 2865 libelli
394 2811 564 2867 Cicemuiani
582 2814 693 2868 editioni
711 2814 854 2868 faciundae
873 2817 1011 2868 materiam
1030 2813 1166 2885 collegisse
1185 2814 1339 2880 [a.1813.],

292 2918 373 2970 seque
394 2911 424 2954 ut
441 2902 608 2973 propositum
627 2903 738 2967 efficiat,
754 2914 856 2975 optare.
891 2903 946 2957 Sed
965 2922 1127 2976 quamquam
1147 2903 1207 2955 vixit
1224 2903 1264 2954 vir
1288 2920 1340 2954 no·

291 2987 332 3041 bis
350 2982 459 3061 quoque
477 2978 662 3058 amicissimus,
691 3003 716 3044 et
735 3001 895 3062 praeceptor
918 2991 1065 3062 gratissima
1093 2989 1222 3044 memoria
1246 3005 1341 3059 prose-

293 3076 430 3146 quendus,
449 3078 584 3150 usquead
603 3098 704 3131 anuum
722 3077 800 3131 buius
818 3078 902 3131 seculi
921 3079 1089 3144 vicesimum,
1119 3076 1286 3148 propositum
1299 3086 1341 3128 ta·

294 3181 355 3217 rnen
373 3165 439 3218 illud
458 3184 514 3219 non
533 3166 658 3220 ellectum
677 3177 729 3231 est,
759 3184 822 3220 cum
850 3185 899 3237 per
915 3165 1020 3238 aliquot
1043 3185 1129 3220 annos
1153 3174 1214 3216 aute
1237 3161 1340 3215 obitum

293 3251 434 3306 oculorum
453 3265 479 3308 et
497 3273 625 3307 manuum
645 3254 778 3308 debilitate
794 3254 929 3309 laboraret
945 3275 1023 3309 senex
1041 3273 1090 3326 per
1103 3263 1185 3306 totam
1205 3250 1281 3303 vitam
1301 3249 1340 3301 la·
1381 3240 1385 3247 ’

295 3339 497 3395 boriosissimus.
533 3343 593 3397 ΜΓ.

365 3431 424 3499 Ego
442 3449 503 3481 vero
522 3440 548 3480 te
567 3458 600 3470 -
620 3432 755 3497 insonum]
776 3420 877 3483 Laudat
895 3430 974 3500 Borg.
993 3428 1025 3481 ad
1045 3429 1123 3482 rerba
1142 3438 1168 3503 et
1185 3423 1341 3478 senteutiam

295 3512 350 3567 Cic.
367 3514 400 3566 de
417 3514 439 3566 F
440 3516 495 3568 iun.
510 3518 556 3582 lV,
576 3522 623 3571 2¹1:
642 3520 790 3570 stultorum
808 3548 842 3557 -
863 3538 929 3589 quos
947 3518 1030 3569 etiam
1047 3517 1159 3568 insenos
1170 3533 1226 3567 esse
1241 3513 1341 3565 vullis:

294 3601 424 3656 cultor.
445 3623 494 3673 pro
514 3623 569 3676 reg.
595 3605 684 3658 Deiot.
703 3610 731 3660 Ἰ,
749 3605 818 3661 Pbil.
837 3605 870 3672 ll,
889 3609 932 3659 26.
954 3634 989 3643 -
1033 3604 1095 3657 Fre.
1114 3603 1220 3676 Sylvius
1237 3620 1266 3654 ex
1285 3618 1341 3651 uno
1418 3605 1422 3611 ’

295 3688 361 3746 Cod.
380 3691 482 3760 profert
507 3692 663 3747 lectionem:
690 3697 749 3765 Ego
775 3713 836 3747 vero
862 3706 890 3746 te
913 3713 967 3745 non
991 3693 1086 3745 modo
1111 3691 1243 3756 stultum,
1269 3688 1341 3758 quod

296 3788 334 3830 est
351 3777 509 3848 glossatoris.
547 3779 614 3834 Cod.
630 3781 711 3834 Drsd.
729 3786 754 3836 b.
773 3781 876 3835 exbibet
894 3800 960 3833 uon
978 3790 1011 3831 te
1028 3779 1160 3844 stultum,
1178 3775 1249 3828 Gud.
1265 3774 1297 3828 Β.
1318 3775 1341 3826 ei

295 3867 409 3920 assentit.
451 3868 481 3920 ln
501 3868 573 3922 Gud.
591 3875 623 3924 A.
644 3869 717 3922 abest
733 3889 787 3922 non
804 3881 866 3923 ante
883 3867 1037 3938 improbum.
1072 3866 1161 3917 Verba
1173 3873 1200 3913 et
1217 3862 1343 3913 insenum

295 3953 390 4019 desunt
408 3955 435 4007 in
453 3955 533 4010 Drsd.
552 3961 578 4012 5.
620 3957 651 4009 ln
670 3954 742 4009 Gud.
761 3959 793 4010 A.
821 3957 936 4011 estred
963 3957 1097 4008 insonum.
1144 3951 1239 4004 Duixb.
1264 3949 1344 4002 babet

294 4042 344 4094 sed
361 4044 504 4096 dementem
521 4046 670 4104 insanire5
690 4045 717 4103 in
737 4065 823 4115 marg.
842 4057 932 4099 tamen
950 4043 1012 4093 sed
1027 4044 1161 4093 insonum.
1199 4039 1254 4090 lam
1274 4055 1342 4108 quae

295 4140 444 4201 sequuntur
463 4131 541 4182 rerba
561 4143 619 4201 post
640 4132 765 4183 insonum
783 4134 852 4197 tria,
884 4143 937 4184 tam
967 4131 1037 4183 uarie
1062 4129 1189 4199 leguntur
1215 4127 1242 4178 in
1271 4124 1344 4179 libris

296 4219 399 4289 scriptis
418 4229 443 4270 et
462 4216 537 4269 editis
555 4227 580 4269 et
599 4228 651 4270 tam
670 4216 777 4271 dirersis
795 4220 959 4291 explicantur
972 4217 1072 4282 modis,
1104 4227 1149 4282 ut,
1174 4233 1243 4285 quae
1262 4214 1294 4266 de
1313 4230 1345 4263 eo
