3059 4925
303 522 306 528 .
401 475 564 525 esemona
583 476 630 523 xo
664 476 707 521 sn
734 473 930 523 rsnsnoxor
952 475 996 536 m,
1016 471 1041 519 a.
1173 446 1246 521 361

198 636 354 708 ceteroquin
371 635 580 708 elegantissimos
597 647 623 691 et
639 633 865 706 ingeniosissimos
882 633 918 688 ita
937 633 1061 687 hariolari
1091 631 1155 703 (nisi
1173 631 1249 684 malis

198 722 362 791 baluninari)
381 723 505 795 potuisse.
541 723 602 777 Non
621 724 711 794 inepte
726 722 934 775 llllorisotus:
961 739 1124 792 quamquam
1143 720 1245 773 sontem

196 811 296 864 erroris
314 829 369 864 nnn
387 810 459 865 sidit.
502 810 689 864 Lambinus
706 810 775 863 iusto
793 808 921 862 audacius
938 827 994 860 rem
1007 807 1094 879 gessit,
1113 806 1146 859 de
1162 806 1247 859 libro·

196 916 257 949 rum
275 898 420 969 scriptione
439 916 534 969 parum
552 897 690 951 sollicitus.
732 894 900 949 Gifanius
923 895 988 948 mibi
1008 911 1071 950 cum
1090 892 1194 947 Orellio
1212 893 1245 947 ad

197 1004 288 1038 verum
305 986 409 1038 videtur
426 984 545 1057 prosime
573 984 726 1050 accessisse,
754 981 874 1048 Codicis,
903 1001 984 1054 quem
1009 982 1170 1053 inspexerat,
1195 999 1246 1036 uec

195 1082 284 1124 tamen
302 1072 412 1139 veteris,
442 1073 519 1128 cuius
536 1070 687 1125 varietatem
706 1069 809 1123 erbibet
833 1068 894 1124 Car.
911 1070 1079 1143 Stephanus,
1102 1069 1246 1124 lectionem

196 1157 339 1229 amplexus.
382 1157 572 1213 Gruterum
603 1179 660 1213 non
692 1177 848 1224 moramur,
882 1157 930 1230 qui
954 1158 981 1213 h.
997 1157 1015 1211 Ι.
1041 1158 1110 1211 insto
1135 1158 1246 1229 propius

194 1245 307 1299 Victorii
325 1244 430 1317 vestigia
449 1246 550 1317 pressit.
596 1246 770 1304 Graevius
789 1245 878 1319 etqui
901 1265 963 1300 eum
980 1245 1063 1299 secati
1081 1255 1158 1311 sunt,
1188 1261 1246 1296 me·

194 1329 258 1385 lius:
281 1330 329 1384 sed
347 1336 486 1404 antiquans
504 1331 619 1403 glossam
635 1344 783 1401 umentes,
809 1352 825 1387 a
840 1333 924 1388 sciolo
943 1333 1096 1401 inductam,
1118 1330 1245 1386 Ciceroni

194 1418 313 1491 exempla
331 1438 427 1491 parum
445 1431 507 1491 apta
520 1423 692 1475 obtruserunt
708 1439 770 1475 cum
781 1420 847 1475 aliis.
883 1419 1063 1474 Rentleius
1081 1439 1137 1474 non
1152 1417 1245 1485 semel,

194 1516 222 1559 et
237 1505 289 1560 hoc
307 1525 416 1577 quoque
434 1505 510 1573 loco,
530 1509 657 1563 audacior
675 1529 730 1563 non
749 1509 850 1563 tamin
869 1506 984 1562 lectione
1000 1507 1145 1572 mutanda,
1164 1519 1245 1577 quarn

196 1592 224 1645 in
242 1593 371 1647 sententia
382 1595 530 1665 torquenda
540 1606 660 1666 apparet.
697 1595 933 1666 Hottingerns
951 1594 1024 1666 quod
1037 1594 1125 1660 masit,
1144 1592 1245 1672 etiamsi

195 1679 286 1751 paullo
303 1680 445 1735 violentius
464 1682 657 1753 transponendi
674 1680 782 1736 licentia
800 1699 870 1746 usus,
889 1680 946 1734 viro
964 1680 1072 1752 egregio
1083 1678 1180 1733 bonori
1199 1690 1247 1743 est,

195 1785 360 1839 quamquam
384 1767 408 1821 ei
434 1781 490 1821 nort
522 1769 607 1840 magis
631 1769 786 1841 adstipulari
812 1768 963 1840 potuimus,
997 1786 1078 1840 quam
1103 1764 1138 1819 G.
1165 1765 1246 1819 ller-

194 1871 334 1920 manno,
362 1856 418 1909 viro
448 1853 570 1924 summo,
598 1876 654 1910 non
674 1876 729 1929 quo
746 1855 884 1928 displiceat
910 1856 967 1909 eius
991 1853 1085 1920 lectio,
1108 1854 1154 1908 sed
1181 1854 1244 1926 quia

194 1941 370 2011 praeferenda
388 1942 526 1997 ridebatur
543 1963 590 2010 ea,
610 1964 695 2017 quae,
713 1964 776 1999 curn
794 1943 895 2015 optima
912 1942 1058 2008 sententia,
1077 1941 1157 1995 babet
1174 1951 1246 1993 rete-

193 2030 229 2082 ris
250 2029 313 2082 libri
344 2031 530 2085 auctoritatem
561 2051 617 2085 non
644 2031 877 2086 contemnendam.
927 2027 1123 2083 Liebaldtii
1154 2038 1242 2081 autem

193 2116 392 2183 coniecturam,
411 2136 480 2189 quae
497 2118 702 2190 transpositione
720 2137 815 2172 sanare
831 2116 886 2171 vult
903 2115 1010 2181 locum,
1038 2126 1143 2169 utnon
1164 2132 1243 2185 prae·
1262 2187 1264 2190 v

193 2203 304 2257 ferimus
321 2215 427 2258 nostrae
444 2203 569 2273 lectioni,
593 2205 629 2260 ita
650 2206 765 2260 multum
784 2215 918 2277 praestare
937 2221 1076 2258 censemus
1094 2200 1242 2254 defensioni

192 2292 309 2363 glossae,
336 2312 390 2364 qua
408 2293 442 2347 T.
458 2294 577 2347 Badeo
606 2295 674 2347 tueri
693 2293 777 2349 soluit
795 2312 883 2347 serras
902 2293 1034 2344 atrienses
1052 2309 1087 2344 ac
1104 2287 1246 2358 topiariae,

192 2377 317 2433 Ciceroni
339 2390 443 2450 praeter
461 2381 641 2436 necessitatem
660 2390 687 2434 et
706 2391 800 2436 contra
825 2382 921 2436 iustam
940 2378 993 2432 loci
1018 2377 1176 2432 sententiam
1194 2376 1245 2429 ob·

193 2476 288 2521 trusos.
323 2466 384 2519 Mr.

614 2602 821 2614 μοι-ο*-

572 2793 785 2854 EXGURSUS
807 2794 863 2853 Xl.

418 2964 493 3038 su
519 2962 861 3040 annoxou
885 2963 954 3057 vr,
978 2963 1017 3037 a.

212 3188 254 3202 -
280 3154 378 3240 „quis
398 3154 510 3222 bunc
532 3177 599 3220 non
617 3164 724 3243 putet
758 3150 936 3238 confiteri,
957 3152 1047 3218 sibi
1067 3155 1224 3242 quaesito

600 3277 685 3342 opus
707 3256 833 3319 esse?“

262 3430 347 3495 „Prot
373 3431 441 3501 Quis
459 3442 493 3482 re
510 3450 563 3484 non
577 3440 658 3500 putet
677 3429 811 3499 confiteri,
832 3429 903 3482 titi
926 3432 1051 3502 punedto
1073 3450 1140 3501 opus
1164 3433 1242 3485 esse?

191 3517 371 3572 Soloeeisnns
387 3529 441 3584 est,
469 3537 550 3589 quern
577 3517 867 3591 nequeldsprebendit
884 3517 1022 3585 Erasmus,
1054 3538 1142 3591 neque
1167 3520 1241 3591 quis·

190 3622 271 3674 quarn
289 3603 369 3671 alius,
386 3604 460 3675 quod
474 3605 564 3658 sciam.
600 3604 647 3657 Est
665 3605 736 3658 enim
755 3604 925 3669 verisimile,
951 3605 971 3656 si
990 3603 1062 3658 bunc
1079 3605 1241 3662 observasset

189 3688 330 3754 Erasmus,
362 3691 434 3761 quod
454 3693 487 3744 ab
512 3692 653 3745 coluisset
671 3691 813 3762 diligenter
839 3692 993 3745 adnotatus:
1022 3693 1130 3764 quando
1159 3694 1239 3747 etiam
1298 3749 1310 3764 ‚

140 3836 143 3840 Α
191 3775 336 3855 minutiora
354 3771 486 3849 quaedam
504 3779 686 3850 reprehendit.
723 3778 897 3851 Quamquam
915 3779 943 3831 in
962 3777 1141 3834 Ciceroniana
1159 3780 1240 3836 Cice·

121 3902 123 3907 <
167 3866 179 3893 ·'
190 3883 285 3941 ranem
303 3865 330 3917 in
341 3865 511 3920 soloecismos
529 3867 632 3938 scripsit
650 3867 773 3923 incidisse
784 3866 816 3935 ').
854 3865 999 3937 Bnlepbori
1018 3867 1044 3919 in
1063 3867 1114 3923 boc
1133 3868 1239 3940 dialogo

148 4115 160 4135 a
182 4110 188 4119 ·
257 4082 281 4151 ‘)
299 4060 386 4148 Epstat
403 4086 506 4140 Erasmi
525 4088 694 4143 lloterodami
716 4087 861 4159 Dialogus,
889 4091 935 4161 qui
953 4092 1108 4147 inscribitur
1126 4091 1238 4145 Cicero-

188 4155 297 4220 nianus,
322 4157 397 4209 cuius
420 4158 454 4210 ad
480 4177 590 4213 manum
616 4171 655 4213 est
684 4160 765 4213 editio
791 4160 988 4231 Lugdunensis,
1017 4164 1084 4216 edita
1113 4183 1136 4215 a.
1156 4167 1236 4218 ttae.

187 4225 303 4291 octonis,
323 4226 355 4279 ad
375 4225 475 4284 calcem
495 4228 600 4301 Dialogi
619 4231 740 4287 derecta
761 4231 846 4285 Latini
859 4231 1010 4305 Graecique
1030 4234 1160 4287 sermonis
1173 4254 1238 4305 pro·
