3059 4925
287 455 361 528 270
440 494 447 505 ·
598 480 771 529 rrumoxs
800 479 993 531 srorconru.

285 658 343 690 rum
364 638 460 690 collabi
478 638 560 693 solet.
586 637 667 690 bonae
686 639 783 715 inentis
801 639 944 706 usurpatio
963 639 1069 691 nullum
1088 641 1219 695 tristioris
1241 644 1342 713 fortu-

285 745 336 777 nae
356 725 450 794 recipit
466 726 612 778 incursum.
651 725 710 789 ΜΓ.

356 832 436 883 egone
455 831 494 863 me
513 813 648 864 audivisse
658 811 777 882 aliquid]
794 812 904 881 Legitur
914 813 1021 884 aliquid
1040 815 1191 867 audisse
1209 814 1237 869 in
1252 815 1340 873 codd,

285 901 356 954 Gud.
376 901 408 953 A.
428 899 488 953 Cra.
508 904 535 952 2.
562 898 643 952 Drsd.
662 902 687 951 1.
704 902 729 952 3.
751 899 897 951 audisse
923 901 1030 970 aliquid
1054 901 1081 953 in
1101 899 1189 956 Codd.
1214 901 1286 956 Gud.
1306 904 1338 956 B.

285 990 377 1044 cau.
397 989 456 1042 Bas.
476 986 566 1041 Gueli.
584 987 651 1041 Edd.
671 984 744 1039 Crat.
764 985 856 1056 Magn.
875 985 949 1039 Man.
968 986 1063 1042 Lamb.
1082 986 1167 1042 Sulis.
1186 989 1258 1043 Petr.
1278 990 1338 1042 Asc.

260 1111 263 1115 ν
285 1083 363 1132 1511.
383 1078 461 1131 lldlb.
479 1076 539 1129 Ald.
557 1079 635 1129 1511.
654 1077 733 1128 1552.
752 1073 851 1128 Calon.
874 1073 907 1129 Η.
925 1075 1012 1127 Wolf.
1036 1075 1139 1129 Sturrn.
1162 1076 1237 1146 Sylb.
1281 1077 1336 1129 Pro

284 1177 368 1217 otest
397 1165 494 1217 autin
515 1162 600 1217 Codd.
623 1161 703 1217 Drsd.
723 1165 748 1215 1.
775 1161 826 1215 01.
846 1161 881 1226 l.;
909 1181 959 1233 pro
987 1164 1110 1215 didicisse
1138 1164 1250 1217 couti.
1278 1166 1338 1236 (qui

285 1254 348 1304 item
376 1252 455 1305 habet
472 1255 536 1309 aut)
566 1249 669 1302 exbibet
693 1249 801 1301 vidisse.
852 1249 906 1300 Pro
930 1249 1066 1317 gaudeam
1090 1261 1128 1302 est
1150 1250 1283 1320 gaudiam
1309 1253 1336 1303 in

285 1338 356 1391 Gud.
376 1339 423 1402 B.;
443 1339 558 1389 audeam
580 1337 608 1388 in
628 1339 686 1388 Cra.
707 1340 731 1389 2.
775 1335 856 1388 Adv.
883 1337 1020 1389 audivisse
1039 1338 1126 1407 Wyn.
1146 1335 1226 1390 baeer
1258 1339 1296 1402 „i.
1313 1360 1337 1392 ε.

284 1424 519 1496 philosophasset
537 1424 722 1477 doctrinarum
741 1423 889 1493 magistros.
926 1423 984 1477 lloc
1002 1444 1017 1476 a
1034 1424 1146 1477 Graecis
1164 1426 1274 1496 proprie
1292 1426 1335 1478 di-

285 1514 354 1567 citur
372 1508 489 1577 incisa,
507 1509 684 1580 duporiadart‘
720 1509 766 1563 Sic
785 1511 865 1563 serbo
884 1512 1012 1562 audiendi
1031 1513 1114 1565 utitur
1129 1513 1227 1565 Cicero
1241 1513 1337 1566 Tuscc.

285 1601 305 1666 l,
324 1606 352 1666 4,
371 1604 408 1654 8.;
440 1601 487 1672 qui
509 1600 638 1651 audire
663 1598 763 1658 vollem
790 1598 823 1651 de
851 1597 917 1650 Fato
937 1602 963 1663 2,
984 1602 1014 1652 3;
1037 1619 1211 1667 possumusne
1230 1599 1338 1670 aliquid

284 1686 430 1741 audire?
468 1690 509 1737 Tu
531 1705 605 1749 vero,
624 1686 749 1756 inquam,
769 1685 811 1736 ael
829 1685 956 1736 audire
976 1687 1019 1737 vel
1037 1687 1130 1738 dicere·
1166 1687 1207 1740 Ad
1227 1698 1336 1740 senten-

284 1776 348 1828 tiam
366 1774 597 1845 Borgersius‚
618 1791 674 1824 non
693 1772 873 1845 respondere,
891 1775 941 1837 ait,
962 1772 1029 1827 baec
1046 1773 1272 1842 antecedentibus,
1291 1777 1335 1829 sed

283 1862 362 1916 veluti
381 1846 527 1914 esclamare
547 1860 723 1925 Ciceronem,
750 1881 825 1915 nunc
843 1861 952 1914 dentum
970 1861 1018 1913 sibi
1038 1863 1178 1933 profutura
1198 1883 1243 1928 ea,
1268 1883 1336 1934 quae

284 1948 427 2020 aliquando
447 1949 576 2014 didicerit,
596 1948 693 2019 quibus
711 1948 819 2000 stultum
838 1949 916 2000 istum
929 1951 1086 2002 confutaret.
1122 1948 1195 2001 Idem
1208 1950 1239 2001 ad
1258 1951 1334 2002 verba

284 2037 388 2090 confert
404 2036 454 2091 Or.
475 2035 685 2107 proSest.21.s
707 2040 773 2086 Tam
790 2054 863 2087 eram
882 2035 980 2088 rudis?
998 2037 1066 2087 nibil
1084 2037 1244 2088 aurtieram?
1267 2038 1336 2088 nilrii

283 2121 421 2177 videram?
438 2122 507 2172 nitril
522 2123 579 2189 ipse
596 2121 706 2192 legenda
727 2123 929 2194 quaerendoque
948 2122 1142 2194 cognoveram?
1178 2122 1206 2174 Μ
1217 2143 1237 2176 r.

355 2208 467 2259 Solusne
492 2207 596 2275 diues?]
635 2206 756 2261 Glossam
787 2210 889 2262 addunt
915 2208 1001 2264 Codd.
1034 2209 1099 2264 On.
1120 2211 1138 2263 l.
1169 2212 1203 2263 U.
1230 2211 1289 2268 Crz.
1308 2216 1334 2266 3.

283 2297 422 2349 Drsd.1.s
449 2295 561 2346 Solusne
590 2305 625 2345 tu
652 2295 742 2373 dives,
771 2308 796 2348 et
823 2297 860 2348 sic
880 2297 947 2350 Edd.
968 2316 1024 2367 pre.
1044 2300 1117 2351 Crat.
1139 2298 1231 2369 Magn.
1259 2300 1332 2352 Man.

283 2384 374 2436 Lamb.
393 2382 477 2434 Suiir.
496 2382 565 2434 Petr.
584 2393 689 2434 nostrae
708 2381 786 2436 lldlb.
805 2383 888 2456 Lugd.
910 2387 975 2453 Arg.
995 2384 1055 2436 Par.
1067 2388 1235 2439 astitisti.
1256 2390 1333 2440 1543.

283 2475 352 2525 Ven.
372 2474 451 2523 1492.
471 2472 549 2522 1514.
569 2469 629 2522 Asc.
647 2473 728 2523 1511.
746 2471 778 2523 Η.
795 2466 880 2525 Wolf.
899 2471 959 2524 Car.
978 2471 1068 2543 Stepb.
1088 2473 1157 2527 Aud.
1183 2474 1241 2526 Tal.
1259 2473 1335 2545 Sylb.

284 2560 380 2613 Colon.
400 2559 510 2613 Lambb.
529 2557 611 2613 Goth.
629 2562 734 2612 Camer.
752 2559 842 2611 Herw.
862 2560 939 2613 Boul.
958 2561 1019 2615 Atd.
1032 2565 1111 2614 1511.
1131 2563 1225 2624 1552.;
1246 2562 1333 2617 Codd.

284 2646 333 2699 Os.
345 2646 374 2698 E.
395 2645 474 2698 Drsd.
488 2650 513 2698 2.
532 2645 629 2699 habent
643 2647 749 2698 solusne
767 2665 800 2696 es
819 2648 908 2706 dives,·
929 2658 1071 2717 utramque
1088 2648 1201 2716 glossam
1214 2649 1332 2701 iunctam

285 2735 388 2787 exbibet
416 2733 493 2785 Drsd.
513 2737 538 2786 5.
563 2734 671 2785 solusne
694 2743 731 2783 tu
751 2733 825 2783 dives
842 2735 897 2786 es?
926 2734 993 2787 cod.
1012 2733 1061 2785 Ox.
1080 2749 1110 2793 ψ.
1137 2735 1244 2784 solusne
1270 2746 1334 2789 est.

284 2823 342 2874 Crz.
354 2826 378 2873 2.
397 2821 503 2872 solusne
522 2821 655 2891 quidem
674 2818 770 2870 dives?
805 2820 847 2872 Ad
866 2820 1024 2873 sententiam
1043 2821 1133 2875 laudat
1149 2821 1171 2872 F
1178 2841 1223 2876 rc.
1242 2821 1335 2893 Sylv.

283 2905 455 2960 Plutarchum
474 2908 501 2960 in
521 2909 581 2960 Vita
602 2906 738 2959 Ciceronis
757 2908 793 2973 [c.
805 2908 861 2976 25]
880 2920 907 2961 et
924 2906 982 2961 Cic.
1002 2908 1035 2961 de
1055 2908 1132 2961 Finn.
1144 2910 1178 2962 ΙΙΙ
1199 2911 1334 2981 [22‚¹15.]:

282 2997 394 3048 Rectius
413 2997 530 3067 (sapiens
548 2994 738 3065 appellabitur)
757 2996 839 3072 dives,
858 3014 939 3068 quam
958 3000 1080 3060 Crassus,
1100 2999 1154 3067 qui,
1172 2999 1225 3049 nisi
1243 3003 1334 3070 eguis-

283 3094 331 3145 set,
348 3101 485 3155 nunquam
495 3083 661 3151 Euphratem
679 3082 756 3133 nulla
770 3081 833 3133 belli
847 3101 931 3134 causa
951 3084 1068 3135 transire
1087 3085 1227 3138 voluisset.
1262 3087 1333 3138 Lau-

283 3170 326 3224 dat
345 3171 414 3223 idern
435 3170 543 3242 Catonis
562 3168 658 3221 librum
678 3170 711 3223 de
729 3170 820 3223 liberis
837 3171 983 3225 educandis
1001 3173 1132 3241 (eumque
1157 3167 1269 3225 fideliter
1288 3191 1333 3226 ex·

283 3258 386 3329 scripsit
403 3256 556 3323 Graeviusl:
583 3258 627 3309 sed
648 3275 727 3328 quem
749 3259 839 3314 laudat
857 3259 963 3330 Sylvius
987 3260 1101 3325 librum,
1127 3261 1148 3311 is
1168 3272 1206 3313 cst
1226 3260 1261 3312 Μ.
1279 3261 1333 3313 Τε·

283 3347 360 3399 rentii
380 3347 522 3411 Varronis,
543 3365 622 3418 quem
641 3347 788 3419 inscripsit:
814 3351 882 3400 Caio
907 3367 926 3400 s.
944 3348 976 3399 ds
995 3348 1085 3400 liberis
1103 3348 1261 3414 educandis,
1287 3351 1332 3421 qui

283 3447 320 3489 est
339 3433 409 3505 apud
436 3431 505 3483 Non.
530 3431 687 3485 Marcellum
714 3455 741 3505 p.
761 3438 812 3488 141
832 3455 871 3506 sq.
899 3436 940 3504 (in
967 3435 1103 3505 Fragmrn.
1129 3437 1257 3488 Varronis
1282 3436 1332 3489 Ed.

283 3523 366 3576 Amst.
385 3523 463 3574 1523.
489 3540 514 3590 p.
534 3520 609 3587 151.)
650 3525 688 3573 Et
717 3522 791 3594 quod
812 3524 982 3592 perspicuum
1006 3534 1062 3587 est,
1093 3524 1216 3576 maiorem
1240 3543 1332 3576 curam

283 3630 330 3662 nos
343 3609 446 3662 trabere.
457 3608 600 3676 rrrarsupii,
619 3625 700 3680 quarn
718 3611 792 3661 vitae
810 3621 928 3664 nostrae.
967 3613 1022 3664 ΜΓ.

354 3697 439 3764 Quid,
464 3697 488 3747 si
506 3713 538 3747 nc
563 3696 636 3748 clives
656 3697 792 3767 quiunt]
831 3699 920 3750 Verba
952 3699 1019 3769 quid
1042 3699 1066 3750 si
1095 3699 1190 3752 omissa
1214 3711 1276 3754 sunt
1303 3700 1331 3753 in

285 3781 349 3835 cod.
368 3785 425 3834 Cra.
444 3787 469 3833 2.
487 3783 534 3851 qui
551 3781 631 3836 babet
660 3788 700 3836 Ne
725 3786 831 3855 quidem
851 3784 951 3840 duest.
975 3787 1032 3838 Cri.
1050 3789 1076 3840 3.
1101 3788 1167 3857 quid
1191 3789 1216 3840 si
1243 3805 1274 3839 ne
1300 3797 1331 3839 tn

285 3869 372 3929 divos,
392 3865 441 3920 Ox.
459 3885 483 3923 a.
502 3868 599 3923 omittit
615 3890 661 3934 ne,
689 3874 747 3925 Cra.
766 3874 791 3925 1.
811 3871 877 3926 011.
895 3872 927 3927 E.
945 3872 965 3927 l.
984 3872 1063 3926 Drsd.
1082 3878 1108 3927 5.
1126 3872 1204 3926 Suer.
1231 3894 1282 3945 pro
1299 3896 1332 3928 ne

285 3952 383 4006 habeut
401 3972 460 4005 non.
498 3953 577 4010 Drsd.
596 3961 620 4008 1.
656 3960 730 4027 Quid
748 3979 829 4011 vera
855 3980 894 4012 ne
921 3961 952 4012 si
970 3961 1043 4013 dives
1062 3960 1189 4031 quidem?
1206 3962 1286 4018 Drsd.
1306 3967 1331 4017 3.

285 4040 350 4111 quid
369 4058 445 4092 vera
463 4042 488 4092 si
506 4061 538 4093 ne
556 4043 629 4095 dives
643 4044 769 4114 quidem?
805 4046 885 4100 Drsd.
904 4052 929 4099 4.
959 4049 1026 4118 qnid
1044 4050 1069 4100 si
1086 4068 1139 4100 non
1159 4050 1248 4116 dives,
1267 4054 1334 4123 quid

283 4138 338 4191 ru,
357 4127 424 4198 quid
441 4129 465 4179 si
479 4147 585 4197 pauper
600 4131 691 4183 etiam.
728 4131 794 4186 Ou.
806 4133 825 4185 l.
835 4132 870 4188 U·
887 4136 1014 4188 omittunt
1029 4137 1144 4207 quidem.
1178 4139 1210 4193 ln
1220 4139 1332 4193 Drsd.5.

285 4214 379 4268 omina
397 4226 459 4270 sunt
476 4216 554 4268 rerba
567 4216 668 4286 quidsi
682 4236 786 4287 pauper
806 4220 910 4278 etiam?
930 4221 1001 4278 Gud.
1013 4224 1043 4275 Α.
1061 4225 1141 4282 babet
1158 4229 1225 4299 quid
1245 4246 1332 4290 vero,

1517 608 1524 647 t
