3059 4925
302 475 376 551 256
629 498 803 547 asatnoxa
836 497 1030 546 arorcosuu.

299 663 341 715 ,td
361 661 439 714 verba
459 660 539 731 Borg.
558 658 607 712 Or.
637 679 687 730 pro
704 660 788 711 domo
807 662 853 712 352
884 658 1057 710 Exstinctum
1081 668 1122 710 est
1150 661 1205 710 inm
1228 659 1300 712 iliud
1319 688 1353 699 -

300 749 389 802 Aiiucl
406 760 528 800 exortum
545 759 595 802 est.
632 747 697 800 Ern.
716 741 856 818 reputans,
882 747 1023 799 excedendi
1043 745 1153 799 verbum
1179 747 1241 799 alibi
1271 747 1352 800 sci-

301 854 398 892 cerone
416 856 470 890 non
490 834 524 889 ita
544 836 681 907 usurpari,
704 836 815 907 explicat
833 835 930 902 ,‚sbiit,
948 835 1051 888 desiit“
1088 835 1147 888 Mr.

370 935 398 977 et
416 925 489 976 olins
507 934 547 975 est
567 923 689 976 dominus
706 934 817 975 exortus
834 940 867 972 ex
886 924 1047 974 couscientia
1064 926 1245 992 peccatorum]
1271 923 1352 977 Utili-

300 1025 340 1066 ter
358 1012 429 1082 leges
447 1012 479 1065 ad
499 1011 525 1065 h.
544 1012 561 1064 l.
587 1011 668 1065 llenr.
687 1009 815 1081 Stephani
844 1008 1073 1063 schediasmatum
1102 1009 1118 1063 i.
1136 1031 1159 1064 e.
1178 1011 1352 1066 Observatio-

301 1119 366 1154 num
385 1111 412 1152 et
430 1099 561 1152 Emendd.
580 1096 641 1152 iibri
652 1100 738 1170 quarti
758 1101 877 1169 captu.
893 1099 988 1166 (Paris
1007 1102 1086 1152 1589.
1106 1097 1350 1169 8.)p.1tt-tst.

300 1188 348 1240 ubi
366 1187 441 1240 iocus
470 1198 561 1242 noster
585 1206 647 1241 cum
676 1187 806 1240 similibus
833 1185 971 1240 Ciceronis
996 1184 1111 1239 aliorum
1137 1186 1299 1257 scriptorum
1325 1196 1351 1239 et

301 1275 468 1328 Graecorum
493 1286 520 1328 et
537 1276 736 1340 Romanorum,
764 1284 937 1344 comparatur
962 1284 988 1326 et
1016 1272 1140 1326 nonnulli
1166 1273 1350 1326 emendantur.

299 1361 601 1433 Wytte'nbachius
619 1362 653 1414 ad
671 1361 698 1414 lr.
717 1361 734 1414 l.
751 1359 833 1412 haec:
850 1376 932 1424 „nam
952 1359 1106 1413 incidebant
1124 1362 1152 1414 in
1171 1362 1272 1415 crimen
1291 1379 1351 1414 am·

299 1451 378 1517 bitus,
396 1451 416 1502 si
440 1450 526 1521 palam
545 1448 627 1515 fieret,
649 1464 695 1502 eos
713 1447 853 1518 largitione
873 1447 1056 1518 magistratum
1075 1449 1185 1520 adeptos
1197 1468 1259 1501 esse.
1296 1446 1350 1501 Ce-

299 1550 387 1592 terum
406 1537 596 1591 conscientiam
615 1536 721 1591 sceleris
738 1535 880 1587 maalmam
900 1550 955 1588 esse
973 1535 1075 1607 peccati
1100 1553 1214 1606 poenam
1233 1537 1350 1607 itemque

300 1628 423 1680 timorem
443 1625 533 1678 iudicii
552 1624 678 1690 humani,
699 1624 752 1676 iam
775 1622 909 1693 Epicurus
927 1622 1005 1689 dixit,
1024 1623 1108 1694 magis
1125 1625 1204 1675 etiam
1221 1621 1265 1674 alii
1286 1640 1351 1692 pro·

299 1713 439 1767 ridentiam
460 1730 515 1765 non
535 1711 664 1766 tollentes.
700 1711 763 1767 vit.
781 1710 852 1766 Piut.
871 1709 942 1765 Mor.
970 1731 997 1781 p.
1015 1714 1095 1765 11⁰4.
1138 1711 1203 1764 ltem
1222 1710 1350 1763 liutLu-

299 1822 348 1872 pus
368 1802 400 1854 de
425 1801 531 1871 Figuris
557 1798 641 1852 Senti.
661 1796 690 1850 L.
715 1798 734 1849 l.
755 1814 778 1850 o.
797 1800 842 1849 2.⁴‘
889 1794 1002 1851 Confert
1027 1797 1109 1868 Borg.
1135 1796 1192 1850 cic.
1218 1798 1295 1849 Verr.
1315 1797 1349 1861 V,

299 1893 353 1943 utt:
373 1891 418 1940 An
437 1898 477 1950 te,
497 1888 526 1937 iu
546 1887 618 1959 quod
627 1887 694 1954 fieri
711 1886 794 1951 solet,
825 1885 987 1937 conscientia
1011 1886 1136 1936 timidum
1159 1885 1349 1953 suspiriosum·

298 1994 349 2049 que
362 1973 510 2046 faciebat?
528 2002 563 2016 -·
611 1972 741 2025 Voculam
772 1984 800 2023 st
825 1970 922 2024 omittit
940 1973 1005 2024 Coti.
1024 1970 1104 2025 Drsd.
1124 1976 1164 2034 5.;
1197 1990 1288 2025 vocent
1307 1981 1348 2022 est

299 2063 366 2117 Cod.
384 2060 455 2115 Gud.
475 2069 506 2114 A.
525 2058 644 2113 Eantiem
665 2071 724 2131 post
741 2059 864 2111 dontinus
891 2060 1033 2131 repositam
1061 2060 1140 2114 habet
1166 2061 1233 2114 Cod.
1253 2059 1347 2112 Duisls.

299 2148 332 2201 ln
350 2148 408 2202 Cra.
421 2154 444 2202 1.
464 2148 563 2220 legitur
577 2158 747 2218 peccatorum
764 2149 936 2202 canscientia.
974 2150 1031 2202 Vos
1051 2151 1131 2201 timor
1148 2149 1219 2204 deest
1238 2148 1265 2200 in
1279 2146 1348 2201 Coti.

298 2236 377 2289 Drsd.
396 2240 420 2290 5.
457 2235 517 2288 ΜΓ.

370 2340 451 2394 quom
470 2333 510 2374 est
528 2322 578 2373 iilo
596 2322 707 2386 misero,
734 2337 816 2394 quom
844 2324 913 2373 (iuro
932 2320 1080 2391 servitusi]
1117 2328 1222 2395 „Quom
1240 2337 1281 2377 est
1299 2326 1347 2376 iiio

300 2411 405 2466 misero.
442 2406 488 2464 sic
507 2409 678 2481 quindecim,
698 2409 724 2460 in
745 2426 861 2481 quorum
882 2427 939 2462 uno
957 2411 1030 2466 deest
1047 2413 1105 2464 itta.
1123 2434 1158 2453 -κ
1201 2417 1289 2484 Quom
1306 2423 1347 2465 est

298 2501 348 2552 itta
367 2500 489 2555 miseria,
518 2516 596 2551 unus.
643 2503 683 2568 (23
702 2509 742 2550 sat
766 2499 822 2549 isto
848 2498 970 2561 miseria,
989 2515 1068 2552 unus.
1114 2490 1154 2571 U!
1171 2513 1213 2552 est
1231 2502 1280 2552 itta
1298 2503 1349 2551 nai·-

299 2590 382 2649 seria,
402 2590 498 2639 unus.‘⁴
518 2583 589 2637 Ald.
609 2581 696 2636 Mau.
713 2614 748 2622 -
786 2584 853 2635 Cod.
872 2583 987 2638 Cm.².:
1011 2604 1092 2657 quam
1118 2598 1160 2640 est
1183 2587 1233 2638 itta
1259 2589 1348 2638 duro

300 2673 452 2736 domino,
472 2688 572 2739 quam
592 2671 734 2731 misera,
753 2665 854 2739 quom
873 2669 954 2721 dira
972 2674 1108 2723 servitus!
1126 2671 1197 2725 Guti.
1217 2675 1249 2726 A.
1266 2693 1350 2745 quam

297 2769 340 2811 est
358 2760 385 2808 in
399 2757 587 2808 'itio-miseric.
635 2749 707 2807 Gud.
725 2755 756 2809 Β.
789 2771 870 2827 quum
889 2766 931 2808 est
948 2757 1000 2808 itta
1019 2758 1145 2819 miseria,⁴
1181 2775 1241 2810 mor
1266 2777 1349 2830 quom

298 2855 338 2899 ess
355 2845 403 2896 rita
423 2844 555 2908 servieus,
578 2843 678 2896 omisso
704 2844 783 2895 aum.
819 2840 870 2897 o..
888 2861 916 2907 ψ.
940 2844 1018 2898 taber
1037 2846 1108 2898 aare
1126 2830 1263 2899 simoni
1289 2866 1349 2899 or-

203 2953 217 2980 ·
299 2935 386 2997 vitos,
407 2950 468 2986 cum
486 2930 579 3003 glossa.
615 2930 673 2983 Mr.

369 3015 590 3075 Adolescentibus
598 3019 695 3088 paullo
702 3018 900 3089 loquacioribus
911 3030 952 3071 est
964 3020 1159 3088 metendum]
1178 3019 1244 3075 Cori.
1253 3019 1312 3075 Cra.
1323 3021 1349 3078 1.
1362 3019 1363 3022 '

299 3107 542 3161 adolescentulis.
569 3104 648 3158 Drsd.
660 3109 686 3158 5.
704 3121 779 3156 osse
793 3107 971 3160 serviendam.
1002 3106 1103 3160 Paullo
1113 3108 1347 3180 superiusGsrals.

297 3199 325 3248 in
344 3194 412 3252 ndu.
431 3192 494 3248 dicit
512 3209 578 3247 cum·
592 3192 671 3246 unius
698 3192 760 3245 Atat.
787 3193 847 3246 cod.
875 3193 989 3248 lectione
1007 3213 1095 3266 quoe
1121 3208 1164 3248 ss!
1180 3198 1231 3250 itta
1251 3199 1347 3252 misero

298 3282 448 3337 consentire
466 3271 624 3335 Beottetu'm.
660 3280 714 3333 Seri
738 3281 767 3332 in
785 3280 835 3340 Ed.
852 3280 965 3346 Gneo,
991 3283 1156 3354 quaelubet
1174 3285 1234 3340 Atti
1253 3286 1347 3339 lectio·

298 3374 360 3435 nes,
380 3389 409 3422 ea
428 3370 506 3422 lectio
526 3385 581 3421 uun
600 3379 646 3421 est.
667 3395 701 3407 -·
743 3364 774 3419 ln
793 3367 842 3420 Ed.
859 3368 929 3421 Otia.
954 3369 1019 3424 baec
1036 3382 1075 3425 cst
1101 3373 1133 3425 ad
1153 3373 1177 3427 ls.
1198 3374 1215 3426 l.
1233 3385 1349 3427 annota-

299 3458 336 3510 tio
354 3457 433 3509 Laur.
453 3454 575 3507 Vatiae
594 3454 685 3522 „Quia
704 3454 884 3508 adolescentes
896 3473 931 3508 ea
950 3475 1111 3530 magnomm
1131 3461 1247 3514 virorum
1266 3479 1348 3515 acos-

299 3543 400 3597 satione
419 3542 557 3615 probitatis
573 3553 601 3595 et
621 3544 790 3615 eloquentiae
810 3543 917 3597 laudem
935 3563 1073 3618 capessere
1091 3549 1225 3614 solebant,
1258 3561 1287 3603 ut
1311 3551 1348 3604 ait

299 3629 395 3685 Cicero
414 3621 446 3683 ll.
465 3629 498 3683 de
517 3627 650 3685 Officiis.“
670 3659 705 3672 -
741 3631 818 3700 „Qui
836 3634 887 3686 sibi
904 3625 1059 3705 eloquentes
1076 3636 1207 3702 videntur,
1226 3637 1272 3689 etsi
1291 3655 1346 3691 non
1389 3695 1395 3702 ,

299 3732 354 3772 tam
372 3719 540 3790 eloquentes,
570 3735 651 3790 quam
673 3718 804 3790 *loquaces
821 3731 898 3786 sunt,
928 3722 1049 3792 adeoque
1072 3734 1206 3794 quaerunt
1229 3724 1348 3777 occasio·

299 3823 361 3857 nem
381 3806 536 3870 accusandi,
553 3817 585 3857 ut
599 3805 702 3858 hmani
720 3805 888 3877 eloquentius
907 3822 1119 3880 consequantur:
1132 3807 1179 3864 liis
1195 3812 1285 3883 igitur,
1299 3809 1347 3883 qui

299 3890 427 3944 facinoris
445 3890 555 3944 alicuius
573 3893 622 3946 sibi
646 3893 746 3946 conscii
765 3906 841 3961 sunt,
872 3897 1002 3963 serviunt,
1023 3899 1346 3952 eoramvbeaevotenttm

300 3978 400 4050 quovis·
412 3978 493 4030 modo
513 3990 636 4051 captant,
662 4001 696 4034 ne
713 3983 748 4035 ab
773 3982 804 4035 iis
828 3987 1014 4038 accusentur.“
1032 3983 1109 4038 Ean.
1158 3986 1260 4041 Laudat
1284 3987 1346 4041 Frc.

299 4065 372 4148 Sylr.
390 4064 480 4119 locum
500 4064 630 4121 luvenalis
647 4065 691 4135 111,
710 4074 745 4123 10
764 4090 823 4141 sqq.
849 4085 877 4126 et
903 4074 1027 4145 Borgers.
1052 4071 1109 4127 Cic.
1128 4093 1178 4144 pro
1196 4073 1271 4128 Coei.
1288 4078 1346 4140 to.;

301 4156 361 4211 ute.
379 4156 409 4207 in
427 4152 505 4209 (laec.
525 4157 550 4207 1.
566 4165 593 4208 et
610 4159 669 4222 ²¹4
686 4176 737 4227 pro
756 4158 863 4213 cluent.
881 4165 942 4224 uu.;
963 4164 996 4214 de
1013 4161 1090 4214 Petit.
1109 4164 1190 4217 Cons.
1208 4165 1233 4215 1.
1270 4164 1328 4215 isla.

336 4257 340 4262 ’
369 4231 509 4298 omnss'-
529 4253 660 4315 tunquam
679 4245 779 4299 domini
796 4248 936 4317 timentur]
955 4248 1022 4303 Coti.
1036 4248 1116 4315 Drsd.
1123 4253 1148 4303 4.
1167 4265 1256 4302 omnes
1270 4248 1347 4300 enim.
