3059 4925
276 450 351 525 266
610 473 783 521 rananoxa
809 471 1002 520 srorcoauu.

276 642 452 707 vitissimus
479 641 649 705 habendus
675 636 726 727 sit)
750 634 893 717 dubitat,
925 641 1004 721 quin
1037 642 1070 705 in
1097 641 1215 705 virtute
1241 639 1328 703 divi-

275 777 340 845 tiae
366 780 454 841 sint‘t
494 777 651 858 quoniam
678 776 770 873 nulia
795 775 978 857 possessio,
1004 777 1094 840 nulia
1120 777 1169 839 vis
1196 777 1268 840 auri
1293 779 1327 839 et

227 928 263 972 nr
277 915 404 995 argenti
427 915 548 995 piuris,
584 930 684 995 quam
710 914 832 992 virtus,
871 914 1075 978 aestimanda
1099 917 1157 976 est
1219 911 1249 976 0
1278 909 1324 973 dii

273 1048 489 1115 immortates!
523 1067 592 1114 non
616 1050 801 1130 intelligunt
827 1051 1003 1129 ‚hominem
1035 1067 1134 1130 quam
1168 1066 1324 1129 magnum

274 1186 411 1266 vectigal
431 1176 477 1250 'sit
500 1187 714 1266 parsimonia.
766 1188 872 1253 Venio
896 1187 1062 1251 animiam
1088 1184 1129 1249 ad
1151 1188 1324 1265 sumptuo-

274 1340 347 1388 sos:
372 1325 524 1404 relinquo
550 1323 649 1386 istum
676 1296 922 1404 quaestuosum.
984 1321 1079 1403 Capit
1105 1321 1161 1384 iiie
1186 1337 1229 1383 ex
1254 1319 1322 1383 suis

273 1459 416 1543 praediis
442 1476 587 1525 sexcena
612 1460 779 1523 sestertia:
814 1476 876 1539 ego
903 1463 1041 1523 centena
1067 1475 1110 1521 ex
1136 1456 1236 1520 meis:
1265 1456 1323 1532 iiii,

273 1604 390 1664 aurata
415 1601 501 1661 tecta
527 1597 560 1660 in
593 1597 678 1661 vittis
713 1601 745 1660 et
775 1598 848 1662 soia
880 1612 1069 1660 marmorea
1103 1586 1253 1669 facienti,
1290 1595 1324 1655 et

272 1737 382 1815 signa,
408 1736 555 1811 tabulas,
580 1736 818 1816 supellectitem
841 1742 872 1798 et
895 1739 1020 1799 vestem
1045 1733 1171 1797 infinite
1197 1749 1322 1795 concu-

271 1872 425 1953 piscenti,
459 1889 527 1936 non
556 1871 661 1936 modo
685 1873 809 1938 tructus
834 1875 890 1938 iiie
916 1876 966 1937 est
991 1872 1034 1936 ad
1061 1873 1227 1951 sumptus,
1262 1870 1320 1934 sed

270 2009 368 2072 etiam
397 2009 439 2073 ad
475 2008 588 2085 fenus,
626 2010 774 2089 exiguus.
839 2008 890 2072 Ex
930 2025 1006 2072 meo
1036 2007 1126 2071 tenui
1159 2007 1319 2086 vectigali,

269 2146 421 2209 damantis
444 2146 628 2227 sumptibus
654 2146 850 2227 cupiditatis,
876 2147 1000 2228 aliquid
1028 2147 1127 2211 etiam
1152 2146 1318 2210 redunda-

270 2285 326 2347 bit.
378 2284 455 2350 Uter
471 2285 569 2365 igitur
592 2290 641 2350 est
666 2285 809 2363 divitior,
831 2285 885 2349 cui
902 2285 1003 2362 deest,
1025 2302 1067 2351 an
1084 2285 1137 2348 cui
1163 2282 1319 2364 superat?

271 2424 327 2505 qui
352 2427 444 2505 eget,
476 2441 519 2488 an
553 2423 608 2504 qui
635 2423 804 2488 abundat?
843 2422 935 2487 cuius
962 2402 1145 2502 possessio}
1180 2423 1322 2502 quaest

157 2589 160 2606 ⁴
269 2563 396 2639 maior,
422 2578 464 2625 eo
491 2561 564 2641 pius
588 2562 726 2640 requirit
751 2560 794 2624 ad
818 2576 855 2623 sa
878 2558 1053 2622 tuendam:
1079 2576 1122 2622 an
1148 2575 1234 2638 quae
1252 2558 1320 2621 suis

270 2713 307 2759 sa
340 2694 464 2755 viribus
498 2693 660 2755 sustinet?
712 2692 777 2756 Sed
814 2692 892 2772 quid
931 2709 994 2771 ego
1030 2692 1072 2754 de
1103 2711 1157 2755 ma
1186 2694 1318 2772 loquor,

271 2826 328 2907 qui
347 2841 479 2889 mamm
507 2843 546 2889 ac
564 2830 751 2907 temporum
779 2826 859 2890 vitio
886 2827 1090 2907 aliquantum
1119 2827 1220 2892 etiarn
1243 2830 1314 2908 ipse

231 2945 238 2960 ’
269 2962 410 3026 fortasse
436 2959 470 3023 in
493 2960 591 3025 huius
617 2961 742 3024 saeculi
763 2978 878 3025 errore
904 2963 1043 3026 verser?
1083 2953 1126 3027 Μ’
1160 2964 1317 3029 Manilius

269 3102 400 3181 patrum
425 3101 616 3160 nostrorum
639 3099 801 3162 memoria
831 3091 884 3183 (ne
907 3114 1038 3178 semper
1051 3097 1178 3188 ⁵¹Curios
1204 3105 1237 3164 et
1253 3100 1319 3164 Lu-

270 3231 380 3301 scinos
396 3232 585 3324 loquamur)
609 3253 736 3317 pauper
751 3235 885 3301 tandem
911 3236 989 3301 fuit:
1015 3236 1130 3301 habuit
1153 3239 1241 3302 enim
1262 3256 1320 3302 ae-

271 3375 398 3441 diculas
421 3376 456 3438 in
483 3374 629 3452 Carinis,
655 3379 689 3438 et
714 3375 853 3438 fundum
878 3376 912 3437 iu
937 3375 1113 3440 Labicano.
1164 3376 1232 3441 Nos
1257 3376 1320 3456 igi-

270 3521 323 3579 tur
348 3513 536 3590 divitiores,
568 3514 624 3608 qui
650 3513 745 3593 plura
770 3512 953 3577 habemus?
1005 3513 1137 3578 Utinam
1164 3512 1318 3594 quidemt

271 3649 335 3715 Sed
357 3668 425 3715 non
451 3649 679 3714 aestimatione
706 3635 835 3724 census,
860 3664 976 3712 verum
1002 3648 1089 3711 victu
1105 3653 1204 3729 atque
1229 3649 1319 3712 cuitu

270 3784 463 3850 terminatur
488 3788 647 3867 pecuniae
673 3786 803 3849 modus.
854 3784 928 3850 Non
960 3800 1033 3847 esse
1066 3784 1222 3865 cupidum
1257 3799 1317 3863 pe·

271 3922 367 3985 cunia
393 3925 460 3984 est:
482 3938 548 3985 nou
575 3939 648 3986 esse
675 3937 824 3985 emacem
844 3920 982 4000 vectigal
1008 3924 1066 3983 est.
1118 3917 1316 3983 Contentum

272 4075 351 4123 vero
377 4055 444 4120 suis
470 4056 570 4120 rebus
596 4074 668 4121 esse
692 4058 857 4122 maximas
884 4063 959 4119 sunt
981 4054 1249 4134 certissimaeque
1267 4052 1317 4115 di-

272 4193 379 4258 vitiae.
429 4190 558 4258 Etenim
585 4192 613 4254 si
636 4192 688 4254 isti
714 4191 823 4255 caltidi
849 4208 959 4255 rerum
973 4189 1200 4255 aestimatores
1228 4192 1322 4272 prata
