3059 4925
725 465 887 515 excultus
914 466 949 513 V.

703 630 914 691 uxcuttsus
937 630 970 689 V.

534 787 610 863 Au
633 783 974 864 uuunuoxou
998 787 1070 881 ιιι,
1095 783 1131 857 ι.

374 987 456 1055 ”Ort
481 988 535 1053 ἴσα
557 981 599 1052 cci
623 979 852 1068 ἁμαρτήματα
873 986 927 1051 καὶ
949 976 991 1049 nsi
1009 976 1275 1069 ααταρθώματα.

381 1164 458 1234 „lloc
474 1161 642 1217 paradoxum
660 1171 700 1215 cst
717 1159 881 1234 Stoicorum.
922 1156 942 1210 li
961 1158 1034 1211 enim
1052 1165 1160 1228 peccota
1178 1155 1253 1227 poris
1271 1153 1359 1207 existi-

239 1293 245 1301 .
309 1263 397 1321 mant,
426 1263 456 1305 ut
480 1250 646 1322 Chrysippus
672 1248 708 1303 sit
732 1248 761 1301 in
788 1257 885 1319 quarto
909 1244 1076 1299 Naturalium
1100 1242 1313 1311 Quaestionum,
1332 1252 1358 1295 et

310 1341 447 1405 Persaeus,
466 1350 492 1393 et
508 1338 592 1391 Zeno.
628 1336 695 1390 Nam
714 1335 736 1389 si
755 1354 847 1388 rerum
866 1353 929 1387 vero
946 1333 1033 1386 maius
1049 1350 1105 1384 non
1124 1341 1241 1396 est„nec
1259 1329 1353 1382 falsum

309 1427 376 1481 falso
395 1426 481 1479 maius
498 1426 560 1479 erit:
578 1424 614 1479 its
631 1442 683 1478 nec
701 1424 775 1477 scens
792 1422 895 1488 froude,
911 1439 963 1475 nec
980 1430 1092 1492 peccato
1110 1428 1258 1490 peccatum.
1288 1417 1357 1470 Nam

309 1525 335 1568 et
354 1515 400 1586 qui
418 1524 527 1568 centum
545 1511 627 1566 stadia
646 1512 720 1565 abest
736 1530 752 1564 a
771 1508 899 1582 Canopo,
919 1508 1008 1579 etqui
1027 1525 1130 1573 unum,
1148 1525 1234 1577 seque
1255 1505 1281 1558 in
1301 1503 1356 1558 Co·

308 1621 382 1673 nepo
400 1621 455 1654 non
474 1610 543 1653 sunt.
577 1597 670 1670 Itaque
688 1607 714 1651 et
731 1596 779 1670 qui
796 1597 887 1650 minus
904 1606 1009 1668 peccat,
1038 1594 1129 1666 etqui
1151 1592 1280 1664 amplius,
1308 1610 1354 1644 ae-

308 1707 360 1761 que
379 1689 407 1741 in
425 1698 499 1741 recto
518 1679 600 1757 opere
619 1704 675 1739 non
693 1696 763 1740 sunt.
810 1684 928 1737 Auctore
947 1682 1079 1737 Cicerone
1103 1680 1174 1735 libro
1194 1680 1228 1733 dc
1244 1680 1356 1734 Finibus

308 1787 405 1848 quarto
423 1775 482 1842 [rt]
501 1773 586 1826 Stoici
601 1782 715 1843 peccata
731 1773 813 1842 pario
827 1770 988 1842 probantes,
1015 1779 1117 1841 negant
1143 1770 1254 1822 borneto
1278 1769 1353 1839 quic-

308 1881 390 1936 quam
407 1863 560 1928 honestius,
586 1871 669 1933 utque
688 1861 763 1930 turpi
787 1861 904 1930 turpius.
952 1863 1004 1923 Ut,
1026 1859 1170 1932 inquiunt,
1196 1859 1226 1911 in
1248 1857 1354 1927 fidibus

306 1952 443 2021 plurimis,
464 1952 489 2003 si
506 1948 584 2001 nulla
601 1967 694 2002 eorum
717 1950 761 1999 ito
778 1956 905 2000 contento
926 1946 1043 1998 numeris
1058 1946 1121 2011 sit,
1149 1955 1183 1997 ut
1200 1955 1353 1997 concentum

309 2057 415 2092 serrare
432 2038 532 2108 possit,
556 2055 645 2089 omnes
668 2054 753 2108 aeque
776 2036 947 2086 incontentae
972 2034 1046 2095 sint‚·
1076 2035 1116 2086 sic
1136 2045 1265 2104 peccato,
1289 2034 1354 2104 quin

306 2127 474 2195 discrepant,
495 2143 579 2194 aeque
598 2124 765 2193 discrepant,
782 2123 864 2192 pario
881 2132 947 2174 sunt
963 2122 1059 2194 igitur.
1095 2121 1228 2193 ltemque,
1248 2123 1283 2189 [c.
1295 2122 1354 2188 282]

307 2214 453 2283 Quoniam,
478 2212 621 2283 inquiunt,
644 2228 719 2262 omne
733 2220 877 2279 peccatum
899 2207 1094 2261 imbecillitatis
1111 2220 1140 2261 et
1156 2208 1355 2262 inconstantiae

306 2310 362 2367 est,
395 2301 460 2351 leoec
483 2308 575 2350 nutem
594 2298 663 2351 vitia
680 2298 708 2350 in
728 2298 848 2351 omnibus
865 2297 961 2349 stultis
979 2316 1064 2368 aeque
1082 2315 1180 2368 magno
1198 2305 1276 2361 sunt,
1305 2312 1354 2347 ne-

307 2408 378 2441 cesse
395 2399 436 2441 est
454 2405 511 2441 esse
526 2396 642 2458 precenta
655 2386 748 2456 perio.
797 2385 899 2438 Eodem
925 2393 1035 2437 auctore
1058 2383 1153 2437 eodem
1178 2382 1250 2436 libro
1268 2383 1354 2450 [cll]

226 2526 227 2529 ,
305 2478 390 2530 Stoici
406 2495 465 2539 eos,
483 2477 531 2547 qui
547 2485 651 2527 notura
669 2474 846 2546 doctrinaque
863 2474 941 2544 longe
959 2473 997 2524 oti
1013 2472 1142 2524 virtutem
1157 2473 1357 2541 processissent,

307 2557 360 2615 nisi
377 2581 435 2615 eom
452 2563 533 2633 plane
551 2562 687 2615 consecuti
709 2570 811 2624 essent,
838 2578 938 2613 summe
961 2579 1017 2613 esse
1040 2560 1150 2613 miseros
1175 2560 1285 2624 dicunt,
1309 2577 1356 2610 nec

304 2652 376 2703 inter
392 2669 482 2702 eorum
500 2650 585 2701 vitum
602 2659 686 2719 atque
703 2647 955 2718 improbissimorum
979 2647 1123 2719 quicquam
1142 2646 1246 2698 omnino
1269 2646 1355 2697 inter·

305 2755 377 2789 esse:
396 2747 429 2788 nt
447 2737 544 2801 Plato,
573 2746 670 2788 tentus
687 2735 734 2787 ille
748 2736 804 2800 vir,
831 2736 980 2804 siropiens
997 2755 1049 2787 non
1063 2735 1170 2805 fucrit,
1199 2735 1283 2787 nitito
1300 2753 1356 2786 me-

306 2824 374 2889 iius,
393 2842 475 2896 quom
492 2825 582 2897 quivis
599 2821 824 2894 improbissimus,
842 2840 890 2874 nec
908 2820 1013 2874 beotius
1031 2822 1137 2874 vixerit·
1180 2821 1254 2874 ldem
1269 2820 1353 2875 Stoici

242 2901 244 2905 ¹
305 2910 413 2978 dicunt,
440 2923 470 2965 ut
497 2922 537 2965 est
561 2912 632 2984 apud
659 2911 775 2965 eundem
794 2930 846 2983 pro
864 2911 894 2964 L.
911 2909 1040 2964 Murena:
1059 2911 1095 2979 [c.
1114 2911 1169 2978 22]
1195 2928 1248 2962 non
1265 2910 1353 2962 minus

304 3000 456 3072 delinquere
472 3018 547 3064 eum,
574 3001 622 3071 qui
638 2999 743 3072 gallum
758 3000 954 3071 gallinaceum,
981 3018 1064 3070 quum
1087 3017 1155 3066 opus
1181 3016 1234 3050 non
1252 2996 1353 3067 suerit,

304 3105 385 3158 quam
402 3105 477 3143 eum.
497 3087 544 3158 qui
559 3095 666 3156 patrem
682 3086 869 3156 suffocaverit.
910 3086 980 3160 ltem¹
998 3103 1048 3156 pro
1070 3084 1185 3157 Milone,
1212 3093 1242 3137 ut
1258 3083 1291 3136 etl
1310 3083 1353 3135 iu-

305 3172 374 3228 dicio
399 3190 509 3245 quoque
539 3171 591 3227 hoc
613 3172 780 3226 Parodonum
798 3172 945 3244 'pervenire
975 3190 1133 3242 cognoscas:
1166 3175 1236 3243 [cap.
1250 3174 1278 3236 t,
1298 3171 1352 3237 li]

304 3262 367 3312 Non
384 3260 454 3318 olio,
481 3260 584 3332 inquit,
606 3261 735 3332 facinore
758 3259 827 3311 cleri
850 3261 982 3318 lrornines,
1012 3260 1068 3311 ulio
1091 3258 1195 3312 obscuri
1212 3268 1353 3313 necantur,

303 3349 418 3399 Intersit
434 3349 506 3401 inter
522 3349 596 3400 vitoe
614 3349 775 3418 dignitatem
800 3365 961 3398 caminorum
984 3356 1068 3418 etque
1085 3347 1252 3415 infimorum:
1282 3363 1352 3396 mors

264 3452 267 3457 ¹
304 3435 408 3505 quidem
426 3437 509 3488 illoto
525 3453 573 3504 per
590 3435 678 3486 emtus
696 3435 790 3486 iisdem
804 3435 896 3503 poenis
912 3443 1050 3487 tenentur.
1095 3433 1156 3487 Nisi
1168 3433 1247 3504 forte
1265 3434 1352 3504 nangis

303 3523 355 3575 erit
370 3523 522 3592 parricide,
546 3522 571 3574 si
588 3522 649 3594 quis
666 3522 833 3574 consularem
849 3531 970 3590 patrem,
995 3540 1077 3593 quom
1101 3521 1125 3573 si
1149 3523 1211 3592 quis
1226 3519 1352 3575 humilem

305 3610 448 3663 necaverit.
501 3609 620 3663 Platonis
645 3628 754 3682 quoque
785 3612 860 3679 (ante
886 3627 967 3681 quom
996 3619 1066 3663 secta
1093 3607 1245 3662 Stoicorum
1272 3606 1352 3674 esset)

304 3696 369 3751 haec
387 3697 437 3750 luit
453 3697 591 3762 sententia,
610 3707 641 3751 ut
658 3696 709 3751 lioc
727 3698 893 3751 Paradoxum
903 3695 1207 3754 Socraticumvideatur.
1243 3694 1268 3748 ls
1279 3693 1351 3748 enim

305 3782 375 3835 libro
394 3783 449 3835 llll.
471 3784 503 3835 de
522 3783 637 3854 Legihuc
656 3784 729 3852 [Fre.
749 3783 778 3837 S.
796 3784 889 3837 Latine
906 3785 963 3837 eius
980 3783 1137 3837 sententiam
1158 3783 1277 3853 scripsit,
1303 3800 1353 3834 nos

306 3872 361 3941 ipsa
380 3868 498 3923 Platonis
516 3872 594 3925 rerba
619 3870 741 3925 exhibere
766 3871 923 3938 maluimus,
949 3890 1017 3942 quae
1042 3881 1104 3924 sunt
1126 3890 1153 3941 p.
1173 3873 1233 3924 ⁹41.
1259 3867 1351 3939 steph.

306 3977 333 4029 p.
353 3960 414 4011 281.
433 3957 466 4009 Τ.
486 3956 529 4023 lll,
551 3963 577 4014 3.
595 3958 702 4029 Bett.]:
738 3957 797 4012 Ἐάν
813 3966 854 4018 τίς
879 3981 907 4011 τι
926 3962 1024 4030 κλέπτῃ
1042 3958 1166 4028 δημόσιον
1189 3961 1254 4023 μέγα
1272 3951 1290 4024 ἢ
1309 3961 1353 4008 καὶ

303 4037 425 4116 oncupio,
444 4046 492 4114 τῆς
510 4042 593 4115 αὐτῆς
611 4049 687 4116 δίκης
704 4050 753 4104 (let.
800 4045 915 4118 Σμικρόν
932 4068 958 4098 τι
975 4044 1026 4115 peip
1046 4042 1059 4097 i
1078 4048 1191 4098 clirecus
1213 4045 1291 4114 ἴρωτι
1307 4047 1353 4104 μὲν

304 4128 413 4203 vacinni,
441 4130 549 4195 δυνάμει
567 4136 596 4184 δὲ
614 4134 730 4187 ἐλάττονι
747 4139 874 4197 κέκλοφεν.
924 4133 1073 4204 Aristippus
1096 4132 1276 4205 Cyrenaicus,
1305 4133 1351 4203 qui

309 4220 428 4277 Platonis
443 4221 562 4293 aequalis
579 4220 643 4286 luit,
663 4222 762 4294 quique
781 4242 915 4276 summum
934 4223 1035 4275 bonum
1057 4224 1084 4277 in
1103 4223 1235 4293 voluptate
1254 4218 1350 4291 posuit,
