3059 4925
298 447 370 521 302
412 471 415 477 ·
603 474 796 523 nicanora
823 474 1016 526 sroteouuu.
1048 473 1056 482 ‘

296 636 449 707 defendam,
477 654 530 688 non
546 653 615 689 nos.
652 634 706 688 Cic.
725 635 757 687 de
777 635 862 689 Amic.
882 640 931 689 25:
948 638 996 688 sed
1014 638 1084 689 nibil
1102 638 1139 689 de
1157 657 1216 690 me:
1235 640 1267 692 de
1284 642 1343 693 Sci-

294 728 372 796 pione
392 726 478 776 dicam
496 723 630 777 libentius.
666 723 725 776 ΜΓ.
1200 756 1203 760 ·

366 814 396 864 Si
414 812 544 866 censenda
561 810 635 863 nobie
654 821 737 883 atque
759 813 929 864 aestimanda
949 831 991 865 res
1009 815 1040 865 si
1047 815 1070 881 t]
1108 814 1275 880 ‚,Censenda,
1295 815 1344 867 de·
1395 883 1396 886 Ἴ

298 919 355 954 cem
375 911 483 971 septem.
508 899 585 951 Unus
601 899 749 967 pensanda.
776 898 848 953 Alias
865 901 1052 954 recensenda.“
1072 901 1148 954 Atd.
1167 902 1254 954 Man.
1289 902 1344 956 Ha-

297 991 342 1043 bet
359 988 425 1041 Cod.
444 984 503 1039 Cra.
520 992 545 1039 2.
580 987 647 1038 Sed
662 988 705 1048 si‚·
729 986 797 1040 Cori.
822 987 901 1041 Suer.
924 989 1079 1057 pensanda,
1105 1008 1191 1059 marg.
1219 987 1292 1042 Crat.
1316 1000 1344 1042 et

201 1064 202 1067 Ἴ
295 1094 350 1129 rar.
367 1073 426 1127 lect.
445 1072 477 1126 11.
495 1072 591 1126 Wotfit
610 1073 783 1125 recensenda
790 1093 801 1134 ,·
818 1072 869 1127 Ox.
888 1092 917 1136 ψ.
938 1077 1036 1129 omittit
1054 1077 1136 1130 nabis.
1173 1075 1232 1130 Cra.
1247 1080 1273 1131 3.
1294 1096 1344 1129 ηο-

229 1209 232 1214 .
296 1162 357 1213 bitis
374 1161 452 1213 babet
469 1179 520 1231 pro
538 1159 621 1213 nobis.
659 1159 688 1212 iu
707 1159 803 1213 eodem
821 1162 942 1235 seqnitur
959 1164 996 1215 sit
1006 1175 1066 1235 post
1075 1163 1158 1230 nobis,
1177 1175 1205 1218 ut
1217 1167 1245 1220 in
1257 1167 1340 1219 codd.

294 1247 359 1301 Oxi.
377 1247 409 1300 E.
429 1247 448 1300 1.
466 1246 500 1299 N.
518 1245 589 1300 Gud.
606 1246 637 1301 B.
656 1246 734 1301 Suer.
753 1247 832 1302 Drsd.
843 1253 868 1301 2.
885 1254 912 1304 t.
931 1250 1049 1322 itemque
1067 1251 1095 1303 in
1114 1251 1163 1305 Ea.
1183 1253 1251 1304 Ven.
1263 1255 1342 1306 1492.

291 1338 455 1408 (quaecum
477 1333 536 1388 Cra.
554 1338 578 1390 3.
612 1345 701 1388 tamen
728 1333 806 1388 babet
832 1346 874 1388 eet
899 1348 958 1406 post
982 1338 1152 1390 aestimanda
1175 1338 1231 1407 ret)
1249 1349 1274 1392 et
1290 1339 1340 1394 Ed.

295 1442 353 1495 prc.
370 1422 456 1476 Habet
473 1423 552 1476 etiam
571 1421 643 1476 Gud.
664 1421 695 1477 Β.
720 1422 758 1474 sit
777 1434 837 1494 post
854 1434 922 1478 aest.
941 1444 983 1477 res
999 1426 1150 1495 repetitum.
1194 1426 1286 1496 Neque
1304 1428 1341 1477 sit

294 1529 382 1582 neque
400 1521 442 1564 est
460 1510 558 1565 babent
575 1509 625 1563 Ox.
643 1508 679 1564 U.
698 1509 767 1564 Vict.
786 1510 855 1564 Bab.
873 1510 965 1584 Stepb.
983 1511 1067 1566 Suiin
1086 1514 1172 1580 Petu,
1190 1513 1218 1566 in
1235 1514 1342 1568 Suerin.

294 1601 392 1670 legitur
409 1598 607 1667 extimanda
626 1616 686 1659 res5
705 1597 733 1650 iu
753 1596 833 1651 Drsd.
853 1603 877 1652 5.
899 1618 942 1651 res
965 1600 1002 1651 sit
1020 1599 1108 1667 nobis,
1133 1601 1161 1652 iu
1180 1600 1274 1653 Duisb.
1293 1620 1341 1652 nn-

199 1745 202 1752 ,
295 1688 335 1740 bis
353 1706 395 1740 res
413 1688 465 1752 sit,
483 1685 510 1739 in
529 1684 595 1739 Oxx.
615 1684 645 1738 E.
664 1683 701 1738 U.
719 1682 791 1737 Gud.
810 1683 842 1737 Β.
861 1685 1043 1738 existimanda
1066 1688 1106 1757 (et
1133 1686 1179 1740 tin.
1204 1706 1260 1758 seq.
1278 1706 1340 1741 cum

295 1773 346 1827 Os.
363 1791 393 1836 ψ.
417 1774 612 1838 existimemus)
636 1772 754 1842 itemque
780 1771 808 1824 in
830 1774 888 1828 Cra.
908 1778 933 1827 2.
959 1774 1016 1843 (bic
1033 1774 1080 1828 liu.
1099 1793 1153 1846 seq.
1178 1776 1342 1840 satiaremur,
1393 1841 1395 1844 ι

295 1862 346 1917 Or.
365 1881 388 1921 o.
409 1862 587 1926 existimam)
616 1858 731 1930 denique
758 1877 803 1910 res
818 1869 872 1911 est
900 1859 999 1931 legitur
1023 1862 1053 1915 in
1078 1862 1146 1917 End.
1169 1862 1248 1917 ildlb.
1273 1864 1341 1917 Van.

295 1952 375 2006 1514.
393 1948 454 2003 Par.
473 1951 552 2003 taut.
574 1950 653 2001 1512.
670 1947 735 2017 Arg.
755 1946 840 2017 Lugd.
859 1946 948 2002 Herm.
975 1950 1050 2004 Cam.
1072 1949 1210 2004 Praestare
1236 1951 1272 2003 ait
1289 1950 1339 2004 Or.

246 2076 249 2081 -
294 2036 500 2091 Coniunctirum
518 2036 547 2088 in
566 2034 696 2088 eiusmodi
714 2034 896 2088 aestimatione
915 2036 1027 2108 exempli
1053 2048 1157 2092 tanturn
1178 2057 1256 2091 causa
1282 2056 1340 2090 me·
1378 2097 1380 2100 v

293 2135 405 2178 morata.
440 2121 570 2175 Praetulit
589 2132 677 2174 tamen
694 2131 736 2173 est
753 2119 936 2177 Gerubardus.
978 2124 1041 2177 Mox
1056 2126 1151 2194 pluris
1172 2128 1299 2178 cestim
1307 2145 1338 2177 a·

294 2212 405 2263 bimus
422 2211 520 2282 legitur
536 2210 564 2263 in
583 2208 649 2262 Edd.
668 2207 740 2263 Crat.
757 2208 831 2264 Man.
850 2209 943 2282 Magn.
960 2211 1053 2266 Lamb.
1073 2212 1157 2267 Suisr.
1174 2215 1261 2282 Petn,
1288 2233 1339 2267 no·

293 2301 353 2355 stris
379 2301 448 2354 Ven.
467 2302 546 2353 1492.
566 2301 644 2353 1514.
671 2298 731 2350 Par.
750 2301 830 2351 1507.
848 2301 925 2354 1512.
944 2303 1022 2356 1543.
1038 2302 1103 2372 Arg.
1126 2301 1211 2373 bugd.
1237 2302 1340 2355 Atdinis

294 2390 394 2450 tribus,
413 2387 524 2440 Lembb.
541 2384 621 2439 Goth.
639 2384 696 2439 cot.
714 2384 790 2458 Sylb.
809 2385 841 2444 H,
861 2387 948 2442 Wolf.
967 2387 1067 2442 Sturm.
1087 2390 1149 2442 Car.
1165 2388 1255 2460 Steph.
1267 2390 1337 2442 Auri.

293 2479 350 2533 Tel.
368 2477 457 2530 Herm.
476 2474 552 2529 Cam.
588 2474 646 2527 Mc.
713 2494 718 2506 ⁸

361 2564 464 2634 Pyrrbi
488 2592 523 2603 —
541 2562 675 2630 Fabricio]
721 2563 879 2631 „Fabricius
901 2565 1029 2619 Luscinus
1053 2564 1219 2636 temporibus
1243 2563 1339 2637 Pyrrhi

181 2652 184 2658 ‘
293 2654 363 2706 dona
382 2651 430 2705 sibi
449 2651 483 2703 ab
500 2669 534 2704 eo
552 2650 656 2716 oblata,
676 2651 852 2722 quibuscum
872 2665 1065 2725 corrumperet,
1084 2652 1240 2723 repudiavit.
1278 2655 1340 2708 Vid.

293 2737 428 2791 Plutarch.
446 2738 474 2789 in
493 2737 555 2790 Vita
569 2737 666 2808 Pyrrhi
687 2743 730 2791 tu.
747 2737 805 2794 Cic.
823 2741 856 2794 rie
876 2740 933 2793 011.
952 2740 973 2806 1,
993 2743 1036 2795 13.
1054 2739 1149 2792 Tusce.
1164 2740 1207 2805 111,
1219 2743 1260 2794 23.
1282 2742 1341 2794 vat.

291 2824 361 2877 Max.
380 2823 427 2888 tV,
445 2827 471 2879 3.
513 2823 560 2878 Est
583 2835 672 2878 autem
698 2825 724 2878 b.
743 2825 760 2879 1.
789 2827 907 2881 notanda
931 2827 1056 2899 exquisita
1084 2827 1241 2899 significatio
1268 2829 1340 2883 vocis

292 2914 356 2965 dare
374 2932 424 2984 pro
443 2908 556 2979 oiferre,
583 2930 650 2984 quae
677 2912 834 2985 significatio
859 2914 926 2987 item·
946 2917 975 2967 iu
999 2915 1105 2969 Graeco
1130 2916 1211 2969 verbo
1236 2910 1341 2968 διδόναι

293 3001 366 3056 valet.
404 3002 445 3054 Aa
466 3021 489 3054 r.
509 3001 700 3054 continentiam
720 3000 751 3052 fl.
769 2999 901 3054 Woifius:
921 2998 1097 3072 „aeirripuemo
1115 3002 1219 3056 ridetur
1236 3002 1279 3056 bic
1296 3003 1340 3055 di-

216 3112 218 3116 ·
293 3107 369 3155 cero,
398 3107 453 3141 non
476 3085 633 3158 ἐγκράτειαν.
680 3088 847 3141 Abstinentia
870 3108 933 3142 vero
965 3089 1045 3142 virtus
1071 3089 1133 3144 huic
1154 3101 1266 3160 cognata
1292 3103 1338 3158 est,

293 3195 355 3230 eum
374 3194 431 3229 non
449 3175 603 3246 accipimus,
620 3174 691 3228 unde
710 3195 765 3229 non
785 3176 874 3229 decet:
894 3195 964 3248 quae
981 3175 1091 3230 Graecis
1108 3188 1147 3231 est
1166 3174 1341 3246 aenaeam,

293 3260 323 3312 ri
342 3260 486 3315 οἷδέκαστον
505 3266 548 3314 καὶ
563 3258 790 3332 α’δωροδὸκητον.“
837 3263 898 3316 Non
925 3263 1100 3330 narrationis,
1125 3264 1169 3318 sed
1198 3265 1341 3319 sententia·

293 3368 352 3402 rum
376 3368 453 3403 causa
473 3349 662 3417 adscribimus,
688 3369 757 3421 quae
775 3360 837 3403 sunt
855 3351 955 3404 Valerii
972 3351 1080 3404 Maximi
1099 3351 1117 3406 1.
1135 3372 1172 3406 c.:
1198 3354 1340 3407 Continen-

292 3437 347 3489 tiae
365 3455 431 3489 suae
445 3420 573 3506 'beneficia
591 3438 647 3490 sine
656 3438 774 3507 pecnnia
787 3439 939 3506 praedives,
959 3438 1015 3490 sine
1027 3458 1080 3491 uso
1096 3439 1223 3510 familiae
1234 3438 1340 3491 abunde

293 3525 445 3586 comitatus,
463 3524 528 3594 quia
544 3523 701 3594 locupletem
718 3525 797 3576 illam
810 3523 936 3596 faciebat
954 3545 1007 3578 non
1025 3526 1112 3578 multa
1128 3528 1275 3597 possidere,
1293 3530 1342 3579 sed

292 3610 396 3661 modica
412 3609 570 3668 desiderare.
612 3615 686 3684 Ergo
704 3612 797 3664 damus
815 3613 888 3679 eins,
915 3613 1133 3685 quemadmodum
1157 3630 1217 3666 aere
1240 3624 1268 3665 et
1293 3634 1340 3667 ar-

290 3707 371 3766 gento
387 3706 415 3748 et
433 3699 571 3767 mancipiis
588 3701 750 3753 Samnitium
767 3719 870 3766 vacuo,
895 3701 938 3751 ita
960 3700 1050 3772 gloria
1066 3719 1100 3752 ex
1117 3701 1160 3753 bia
1183 3705 1342 3771 contemptis

290 3793 376 3852 porta
394 3783 499 3853 referta
513 3786 584 3857 fnit.
620 3788 675 3840 Pro
694 3789 798 3858 Pyrrhi
814 3798 853 3841 est
868 3787 938 3859 pirri
955 3787 983 3841 in
1002 3790 1061 3841 en.
1080 3794 1105 3842 2.
1112 3827 1121 3855 ,
1137 3789 1202 3859 puri
1219 3788 1247 3840 in
1267 3788 1339 3841 Gud.

292 3870 337 3935 B.;
356 3871 385 3923 in
404 3869 482 3925 Drsd.
501 3877 527 3927 5.
546 3885 597 3927 aut
616 3893 666 3945 pro
684 3893 735 3940 an,
760 3876 789 3928 in
807 3874 858 3931 Or.
877 3875 909 3930 N.
929 3875 1017 3929 animo
1036 3895 1087 3948 pro
1104 3876 1187 3928 illam.
1238 3874 1341 3930 Gernb.

291 3958 320 4010 in
338 3976 394 4010 uno
413 3957 462 4013 Ox.
481 3961 529 4030 [270]
550 3972 576 4015 et
593 3981 648 4016 uno
667 3963 738 4035 apud
758 3965 941 4036 Verburgium
964 3965 1050 4017 omitti
1075 3982 1166 4017 vocem
1183 3965 1338 4034 pecuniam.-

271 4046 364 4099 suade
383 4058 454 4119 patet
473 4047 633 4102 Gernbardo
651 4070 706 4104 non
725 4052 805 4105 fuisse
824 4052 856 4105 ad
883 4071 992 4104 manum
1012 4052 1079 4109 Edd.
1098 4051 1224 4121 Gruteri,
1242 4051 1340 4106 Scbre·

214 4127 218 4134 ’
292 4133 351 4186 relii
369 4145 394 4187 et
413 4134 556 4201 Grouorii,
575 4155 643 4207 quae
661 4138 759 4191 babent
777 4138 846 4193 hano
864 4137 974 4192 Gruteri
991 4141 1205 4195 annotationem:
1232 4140 1341 4208 „Dietio

291 4222 432 4288 pecaniam
449 4240 505 4274 non
524 4232 562 4274 est
579 4222 607 4275 iu
627 4224 693 4278 cod.
712 4223 795 4278 Palat.
817 4238 875 4281 tert.
903 4237 929 4280 et
948 4208 1051 4297 poterat
1068 4229 1157 4282 abesse
1183 4228 1251 4281 saiva
1276 4246 1343 4280 seu-
