3059 4925
202 506 206 515 ·
301 467 375 542 212
630 485 803 537 rnnnuoxn
831 485 1025 534 srotcosuu.

301 672 358 707 non
378 653 539 723 imperator,
559 650 604 703 sed
622 668 657 702 ne
673 648 741 702 liber
759 647 879 720 quidem,
896 647 953 700 inao
969 664 1059 700 sersus
1076 646 1245 719 turpissimus
1263 648 1353 703 luerit.

300 741 355 795 Nisi
373 739 440 795 heec
457 739 491 791 de
508 736 583 808 Sylla
602 736 641 789 rel
658 735 810 809 Tarquinio
828 736 918 807 potius
937 734 1086 806 intelligere
1111 734 1189 790 soles.
1233 735 1302 788 Nam
1321 735 1355 789 de

300 841 416 901 utroque
435 825 542 897 vestigia
561 836 622 879 sunt
639 824 689 877 suh
710 823 792 876 finem
811 822 872 875 libri
891 821 925 875 de
943 821 1055 875 Finibus
1073 822 1158 877 tertii:
1186 840 1266 893 quem
1288 822 1355 875 side.

300 918 395 988 Xyst.
412 912 526 967 Betui.
561 911 607 965 Est
624 911 700 966 locus
717 910 762 978 ΙΙΙ,
782 915 826 976 ²²,
845 913 891 964 75.
927 908 987 963 Mr.

373 1000 429 1051 Hic
445 999 613 1069 imperator,]
651 998 770 1064 „Putant
788 997 932 1068 perstringi
950 995 988 1049 M.
1007 995 1172 1049 Antonium:
1198 1016 1268 1068 qnae
1284 1015 1353 1051 con-

301 1091 402 1143 iectura
420 1084 485 1139 mihi
503 1104 560 1139 nou
579 1085 713 1157 displicet,
738 1084 812 1157 qnod
831 1083 928 1138 Cicero
947 1085 1002 1137 non
1021 1094 1076 1136 tam
1092 1082 1228 1137 Peredora
1246 1084 1355 1140 Stoico·

301 1195 362 1231 rum
382 1175 528 1241 illustrare,
553 1184 600 1227 aut
623 1173 728 1227 dicendi
748 1172 800 1224 vim
826 1181 961 1225 ostentare
987 1171 1099 1226 voluisse
1126 1171 1244 1237 videtur,
1270 1191 1351 1244 quam

300 1262 341 1316 sel
358 1272 442 1316 semet
461 1262 547 1331 ipsum
567 1259 700 1314 consolari
724 1259 753 1312 in
773 1257 892 1311 maximis
917 1257 1000 1312 animi
1025 1258 1263 1325 sollicitudinibus,
1288 1279 1352 1315 cum

301 1351 335 1403 de
352 1361 438 1404 semet
453 1351 529 1422 ipso,
547 1359 605 1402 turn
624 1348 657 1401 de
675 1367 705 1401 re
724 1345 846 1417 publica,
864 1356 892 1398 et
909 1345 1032 1400 inimicos
1050 1366 1120 1413 suos,
1139 1346 1276 1414 Glodium,
1293 1348 1351 1400 An·

300 1439 422 1502 tonium,
450 1435 591 1501 Crassum,
620 1445 647 1488 et
671 1434 736 1488 alios
755 1435 880 1499 sortasse,
908 1433 1105 1489 dissimulanter
1128 1434 1283 1489 insectando
1307 1434 1350 1487 ul-

300 1524 392 1580 cisci.“
408 1523 441 1578 ll.
459 1522 563 1576 Wolf.
601 1521 736 1590 „Scilicet,
754 1531 786 1574 ut
803 1540 818 1574 a
836 1520 968 1591 superiori
986 1521 1073 1575 oratio
1090 1522 1125 1576 ad
1143 1520 1269 1576 Clodium
1286 1540 1351 1595 per-

301 1612 394 1677 tinuit,
413 1611 451 1665 sic
468 1609 534 1664 haec
551 1609 667 1681 pertinet
684 1608 717 1662 ad
735 1609 854 1681 aliquem
874 1618 976 1662 certum
992 1608 1144 1676 hominem,
1174 1610 1222 1682 qui
1249 1627 1349 1664 nomen

301 1696 470 1769 imperatoris
481 1697 580 1768 gessit,
604 1701 660 1750 non
680 1696 731 1749 tuit
753 1712 787 1749 eo
801 1694 918 1767 dignus,
949 1716 972 1749 v.
991 1717 1016 1752 c.
1033 1697 1072 1750 M.
1090 1697 1254 1752 Antonius.“
1270 1699 1346 1751 Ern.

289 1783 371 1838 ·Cum
389 1785 425 1838 ita
443 1783 574 1838 fluctuent
592 1784 764 1855 interpretes,
783 1802 872 1855 neque
890 1783 977 1839 adhuc
994 1784 1028 1839 sit
1044 1786 1219 1857 exploratum,
1237 1786 1347 1858 quinam

165 1922 172 1949 ι
253 1886 257 1892 ’
298 1873 333 1926 sit
347 1869 550 1941 intelligendus,
568 1871 726 1942 Borgersius
744 1871 828 1925 aliurn
846 1883 1063 1939 commemorat,
1079 1873 1109 1926 in
1127 1891 1209 1944 quem
1232 1873 1279 1926 ists
1302 1891 1348 1925 re·

230 2006 236 2013 ,
299 1958 440 2031 prehensio
459 1958 517 2011 iure
534 1958 725 2029 cadere‘posse
745 1958 878 2024 videatur,
904 1959 1039 2012 Pisonem.
1082 1959 1185 2013 Laudat
1208 1959 1241 2012 sd
1259 1960 1347 2030 suspi-

298 2049 405 2101 cionem
428 2049 507 2099 snam
526 2045 694 2116 probandam
713 2043 764 2099 Or.
783 2045 811 2097 in
829 2045 882 2097 Pis.
895 2048 953 2100 lin
984 2050 1037 2099 Est
1054 2048 1104 2099 hoc
1125 2066 1235 2100 nouum:
1260 2045 1347 2098 multo

297 2133 370 2185 illud
387 2134 489 2204 magis:
507 2133 730 2202 Appellatus
747 2144 803 2186 est
820 2134 865 2185 lu'c
881 2134 1023 2188 vulturius
1041 2135 1117 2187 illius
1132 2134 1303 2204 provinciae,
1321 2135 1345 2186 si

298 2218 351 2271 diis
364 2218 473 2288 planet,
490 2219 693 2288 imperator.
729 2220 773 2273 De
791 2221 870 2274 Pron.
889 2225 971 2275 Coos.
989 2225 1031 2276 &a
1061 2226 1150 2275 Hosne
1171 2221 1263 2293 igitur
1286 2223 1346 2273 im·

293 2316 481 2376 peratores
498 2305 675 2359 habebimus?
710 2311 832 2379 Quorum
850 2309 922 2362 niter
940 2309 1025 2376 [Piso]
1050 2329 1103 2362 non
1120 2309 1205 2361 audet
1222 2326 1271 2361 nos
1288 2326 1345 2359 cer-

296 2393 502 2465 tioressccere:
528 2411 561 2446 ne
578 2394 773 2465 imperator
795 2397 1013 2468 appelletur.
1049 2396 1126 2449 linnd
1152 2398 1250 2468 inepte.
1285 2393 1346 2447 Ma-

296 2481 336 2551 gis
353 2480 455 2552 placet,
479 2500 560 2553 quam
580 2482 804 2554 quod'Wetzelio
823 2484 977 2551 ridebatur,
1004 2485 1057 2555 (sel
1083 2486 1172 2556 potius
1196 2485 1267 2539 Aldo
1285 2485 1345 2537 Ma·

295 2568 387 2635 nutio,
406 2587 470 2621 nam
489 2568 567 2623 huius
584 2568 650 2624 haec
667 2573 706 2624 e'st
724 2572 854 2643 suspicio,
879 2572 1053 2645 triumphasse
1071 2574 1213 2629 Lucullum
1233 2574 1267 2628 de
1291 2573 1342 2625 Mi·

295 2653 409 2707 thridate
434 2664 461 2706 ct
482 2654 602 2725 Tigrane
625 2658 828 2728 memorantis,)
845 2659 990 2714 Lucullum
1016 2660 1177 2732 significari,
1207 2660 1254 2733 qui
1272 2670 1343 2715 certe

295 2759 355 2812 cap.
373 2746 398 2794 2.
416 2750 444 2793 et
460 2743 486 2795 3.
504 2752 595 2812 aperte
613 2743 794 2815 significatur,
812 2756 843 2799 ut
860 2746 924 2801 dicit
942 2746 1124 2802 Gernhardus.
1177 2748 1259 2802 Recte
1285 2765 1345 2799 rno-

294 2826 450 2882 netGernh.
468 2829 547 2882 verba
566 2829 696 2885 laudetur
713 2851 776 2887 vero
794 2853 848 2887 esse
868 2836 1054 2902 concedentis,
1074 2848 1201 2908 tanquam
1220 2856 1237 2888 e
1255 2834 1343 2890 medio

293 2934 416 2970 sermone
433 2916 606 2989 deprompta:
623 2918 687 2972 inde
706 2940 777 2973 vero.
810 2920 869 2974 Mr.

362 3013 415 3055 out
433 3005 482 3058 hoc
499 3006 603 3058 nomine
632 3007 731 3078 dignus
751 3011 888 3077 peretum]
935 3009 1088 3077 Quasnam·
1104 3010 1186 3063 libros
1213 3008 1344 3079 significet

292 3090 353 3143 nid.
372 3090 510 3145 Manutius
529 3092 619 3147 dicens
635 3093 700 3148 alias
718 3093 771 3166 legi
789 3097 956 3167 cognomine,
974 3099 1073 3151 nescio.
1109 3097 1148 3150 Er
1165 3100 1262 3153 nostris
1279 3096 1341 3151 uul-

291 3178 333 3231 lus
350 3176 441 3232 habet:
462 3183 538 3233 'certe
555 3180 645 3235 nullus
661 3183 711 3235 lenc
728 3185 890 3255 cognomine.
929 3184 1060 3256 Suspicor
1083 3195 1189 3251 tamen,
1217 3205 1279 3239 eum
1303 3185 1342 3237 ii-

291 3265 358 3319 disse
374 3276 493 3321 nostram
511 3267 560 3321 Ed.
579 3269 648 3326 Ven.
668 3273 752 3336 151⁴,
772 3272 818 3324 uhi
836 3283 889 3327 est:
915 3273 1092 3324 autetiam
1115 3273 1280 3344 cognanum
1297 3273 1341 3323 dt-

270 3367 361 3426 ›gnus
383 3355 512 3422 putetur:
544 3366 574 3409 ut
599 3356 718 3410 videatur
744 3357 841 3429 aliquis
870 3359 956 3412 scriba
981 3359 1051 3413 male
1079 3359 1233 3414 intellexisse
1260 3361 1340 3414 verbu

290 3438 412 3494 dictantis
429 3440 479 3493 hoe
496 3442 608 3496 nonnius.
643 3442 724 3498 Solus
746 3443 815 3499 Cod.
840 3447 899 3501 Bas.
928 3446 1007 3501 hahet
1031 3458 1083 3500 aar
1105 3449 1214 3500 etiam
1240 3447 1339 3517 dignus

289 3544 326 3577 eo
354 3528 457 3579 nomine
488 3537 609 3597 putetur.
663 3530 727 3586 Post
760 3543 877 3602 putetur
901 3534 1009 3590 additur
1034 3537 1179 3607 imperator
1210 3534 1238 3587 iri
1268 3532 1336 3587 cod.

288 3613 382 3667 Duish.
400 3623 427 3666 et
443 3633 497 3670 rar.
514 3613 643 3687 Magnoli.
678 3619 737 3672 Mt.

357 3702 525 3770 Quomodo,
551 3714 602 3755 out
621 3707 667 3758 cui
683 3709 792 3760 tandem
818 3707 900 3762 libero
917 3710 1084 3780 imperalia]
1111 3710 1207 3770 Graes.
1234 3711 1261 3764 in
1288 3730 1335 3765 sue

288 3783 339 3839 Ed.
356 3784 429 3839 huuc
446 3786 508 3842 Aldi
526 3788 601 3845 Man
626 3796 828 3849 annotationem
853 3796 969 3856 exhibet:
995 3801 1071 3869 „Quo
1088 3799 1184 3852 modo?
1207 3808 1259 3852 cut
1276 3802 1335 3867 avi]

286 3872 346 3944 Quo
366 3872 440 3924 ruodo
457 3877 571 3929 cutem?
589 3890 639 3931 aut
658 3883 721 3946 evi,
739 3886 868 3954 septem.“
912 3885 993 3941 Unde
1017 3886 1100 3944 neten
1113 3886 1218 3940 Geruh.
1230 3887 1333 3959 septem

285 3957 400 4013 Manutii
418 3957 503 4016 Codd.
522 3964 644 4021 exhihere
662 3971 814 4039 quamdo?
856 3974 971 4030 curem?
999 3986 1053 4027 out
1069 3974 1138 4028 nvi?
1173 3974 1242 4030 Mira
1261 3987 1335 4029 uter·

273 4066 337 4128 'que
355 4046 569 4106 hallucinatione.
614 4051 685 4108 Nihil
715 4058 813 4113 certius
837 4072 875 4116 est
893 4067 975 4132 quern
1002 4060 1137 4115 ira-nullo
1157 4061 1259 4116 *codice
1282 4062 1334 4132 legi

281 4136 341 4200 aot,
367 4137 395 4188 in
420 4138 496 4191 nullo
524 4140 586 4191 item
609 4150 786 4196 monstrosam
818 4147 895 4200 istam
922 4148 1120 4204 distinctionem
1148 4165 1220 4215 esse,
1252 4166 1334 4220 quarn

223 4301 228 4307 ¹
281 4230 382 4288 septem
399 4221 503 4277 Aldinis
521 4225 617 4307 tribuit
630 4223 812 4286 Gernhsrdu'n
849 4231 958 4288 Gmerii
975 4236 1066 4294 Editio
1083 4235 1164 4291 hahet
1187 4235 1331 4304 ridiculum
