3059 4925
292 444 340 516 76
623 464 794 512 rsrsooxs
822 464 1017 514 srorcorau.

289 627 351 680 iilos
369 625 501 696 cogitasse
517 623 547 674 im
566 621 624 674 uita
641 640 663 675 s.
681 640 718 685 s.,
736 632 872 693 questuor.
917 626 1040 675 Putasne
1058 622 1119 676 illes
1137 623 1165 674 in
1185 623 1242 676 vitu
1262 625 1337 696 quic-

290 731 371 785 quam
389 730 411 764 s.
429 710 562 780 cogitasse
581 726 654 778 erp„
670 708 803 780 qrrinque.
848 707 896 760 An
912 719 1043 778 putamus
1060 728 1107 762 nas
1124 710 1186 763 illas
1205 712 1357 783 cogitasse·

290 799 437 871 quidquam
453 797 483 848 iu
501 796 561 847 sita
578 814 601 847 s.
618 812 657 858 e„
671 804 735 847 tres.
770 799 906 847 Putamus
924 815 972 848 aas
989 796 1050 862 illas
1069 797 1217 868 quidquam
1234 800 1262 851 in
1280 800 1339 851 cito

289 906 312 941 s.
329 904 366 949 e.,
384 901 462 937 unus.
504 885 627 933 Putasne
651 899 704 934 nan
726 881 790 933 iilos
813 883 962 951 cogitasse,
980 884 1126 955 quidquam
1147 884 1176 935 in
1193 885 1259 937 cita·
1270 905 1292 943 s.
1306 905 1340 950 e·,
1406 907 1411 922 ·

262 987 275 1004 “
289 991 367 1025 unus.
403 974 572 1022 Putamusne
583 968 645 1020 ilias
655 969 787 1039 cogitasse
798 969 941 1040 quicquam
954 970 983 1021 irs
994 971 1084 1039 vitajs.
1096 989 1127 1027 e.,
1138 970 1201 1024 duo.
1233 974 1281 1025 Aa
1293 992 1338 1025 ca-

287 1061 391 1132 gitasse
411 1055 517 1129 aliquid
532 1056 560 1105 in
579 1054 638 1106 cita
649 1073 673 1108 s.
682 1072 713 1117 e.,
731 1064 757 1107 et
777 1053 895 1108 additum
907 1064 1037 1123 putamus
1048 1067 1107 1126 post
1121 1075 1165 1121 an,
1184 1076 1262 1111 unus.
1290 1062 1338 1114 An

289 1146 423 1217 cogitasse
440 1143 491 1195 sibi
502 1142 531 1193 in
549 1141 608 1193 cita
627 1141 775 1213 quidquam
783 1160 842 1211 esp.
855 1153 882 1195 et
891 1141 1010 1196 additum
1027 1154 1158 1211 putamus
1170 1145 1241 1209 illas,
1259 1166 1336 1199 unus,

289 1232 323 1284 Et
343 1249 393 1301 pro
410 1229 585 1298 expetendum
597 1228 650 1280 nisi
662 1227 740 1298 quad,
758 1245 868 1281 norem:
888 1231 1063 1297 expetendum
1080 1248 1154 1282 esse
1171 1234 1225 1283 nisi
1243 1234 1339 1304 quad.“

291 1320 372 1371 Vetus
390 1315 451 1368 Car.
469 1314 614 1385 Stephani:
632 1332 669 1366 arr
687 1315 821 1385 cogitasse
840 1314 982 1386 quicquam
1000 1334 1046 1368 eos
1059 1326 1245 1383 putamus-
1262 1318 1339 1382 „Ab-

291 1405 435 1471 undamus]
457 1403 595 1470 cogitasse
614 1400 760 1472 quidquam
777 1402 806 1451 in
823 1400 896 1452 sito:
912 1400 956 1454 sic»
967 1401 1104 1455 Palatinus
1122 1404 1271 1456 secundus:
1289 1422 1338 1456 ne-

289 1511 343 1563 que
361 1491 468 1544 recessit
486 1488 535 1541 Ed.
561 1487 688 1553 Victorii,
720 1506 801 1559 quern
826 1487 899 1558 quob
928 1488 985 1542 sins
1011 1490 1159 1560 parenthesi
1186 1492 1339 1563 expresserit

289 1578 466 1629 abundamus.
493 1594 530 1627 an
556 1576 689 1647 cogitasse
707 1585 757 1628 etc.
802 1573 878 1628 Atiae
896 1575 1042 1630 intrusere:
1070 1577 1247 1632 abundamus.
1292 1582 1339 1633 Aa

286 1675 418 1735 putamus
435 1679 593 1733 quemquam
611 1664 706 1716 borum
720 1662 857 1734 ,cogitasse
875 1663 1020 1734 quicquam
1036 1666 1067 1716 irs
1084 1667 1143 1717 uita
1162 1669 1233 1719 atc.“
1251 1667 1339 1720 Gru·

290 1766 351 1808 ter.
387 1752 436 1817 „in
455 1751 481 1804 h.
496 1750 516 1803 i.
536 1769 563 1803 se
582 1759 682 1804 tersere
709 1748 757 1800 riri
777 1748 850 1802 docti
866 1759 893 1802 et
910 1750 1033 1806 editores.
1080 1751 1154 1818 Quis
1176 1753 1340 1805 constructio

290 1860 345 1892 non
362 1840 514 1903 constabat,
533 1838 663 1892 intrusere
681 1834 792 1906 aliquid.
840 1835 970 1889 Graevius
995 1849 1056 1905 post
1081 1837 1211 1908 Largium
1239 1840 1340 1909 recepit

288 1939 433 1998 putamus,
454 1925 527 1997 quad
546 1935 583 1978 est
601 1923 628 1975 in
648 1922 716 1975 Edd.
734 1941 790 1991 pm,
819 1922 864 1974 sed
891 1940 954 1975 curn
972 1942 1024 1974 an:
1045 1940 1081 1973 an
1107 1925 1240 1993 cogitasse
1263 1927 1340 1995 quic.

291 2034 372 2088 quam
386 2011 540 2084 putamus?
559 2009 631 2081 quod
650 2007 744 2060 delerit
761 2007 886 2076 Longius.
922 2008 975 2061 Sed
994 2009 1029 2062 its
1048 2021 1109 2063 ente
1126 2011 1206 2063 scribi
1226 2011 1340 2066 debebat

288 2099 495 2153 innumerabiles
513 2098 591 2148 alias·
622 2095 652 2147 ln
670 2094 721 2144 alii
737 2094 856 2164 intellige
872 2107 1035 2164 spectavere,
1054 2099 1141 2149 secuti
1158 2109 1243 2165 sunt,.
1258 2120 1273 2152 e
1291 2120 1338 2153 su·

290 2186 448 2261 perioribus.
473 2184 517 2236 sed
544 2183 676 2253 cogitasse
697 2200 761 2235 sane
783 2183 892 2235 uerbum
918 2184 1064 2251 desiderat,
1082 2206 1106 2242 ¹u
1137 2205 1192 2259 quo
1217 2188 1339 2258 pendeat

292 2279 382 2346 ltaque
399 2283 529 2342 putamus
546 2282 572 2324 et
588 2270 645 2341 ipse
658 2270 761 2337 addidi,
789 2272 851 2344 quie
870 2272 897 2325 in
919 2272 992 2326 tibris
1009 2273 1101 2326 multis
1119 2286 1255 2345 repertum
1273 2279 1339 2329 est.“

291 2361 367 2414 Ero.
403 2359 693 2427 „Andsmustetisrn
711 2357 1006 2413 Pithoesn.“Grser.
1041 2360 1107 2416 Oss.
1124 2361 1198 2417 E.U.
1216 2369 1339 2417 Putasne

291 2449 351 2503 ilios
369 2450 397 2501 in
416 2449 474 2502 vita
493 2447 635 2521 quicquam
655 2446 707 2500 sibi
726 2466 783 2501 esse
799 2450 974 2519 &petendum
994 2451 1147 2521 cogitasse?
1165 2450 1188 2503 l.
1204 2473 1229 2521 q.
1248 2451 1340 2503 Puta-

291 2557 351 2589 mus
368 2557 415 2589 nos
433 2536 494 2589 illas
512 2538 645 2607 cogitasse
662 2538 806 2608 quicquam
823 2539 852 2588 ire
869 2538 923 2588 isac
941 2542 1000 2590 vita
1012 2538 1063 2589 sibi
1081 2557 1137 2592 esse
1154 2540 1340 2608 expetendum.

200 2658 204 2673 ,
291 2627 342 2680 Os.
358 2624 390 2677 N.
408 2626 543 2675 Putamus
560 2641 604 2674 eas
621 2624 765 2694 quicquum
783 2624 915 2693 cogitasse
935 2625 1078 2694 quiequam
1095 2628 1124 2676 iss
1143 2626 1201 2676 uita
1214 2625 1267 2678 sibi
1283 2644 1340 2678 esse

292 2731 351 2781 esp.
388 2710 438 2765 Os.
457 2727 488 2772 u·
518 2712 566 2762 Au
584 2710 735 2779 cogitamus
758 2729 807 2761 nos
832 2710 894 2762 illes
919 2721 1033 2778 putasse
1056 2714 1199 2782 quicquam
1228 2714 1257 2763 in
1281 2715 1341 2765 vita

292 2800 343 2852 sibi
366 2817 426 2867 esp.
452 2797 517 2851 Osr.
534 2795 555 2847 Ι.
573 2797 606 2848 Ν.
632 2795 667 2849 U.
685 2815 712 2864 q.
729 2813 755 2850 σ.
771 2813 801 2857 ψ.
824 2804 893 2846 esset
918 2796 960 2864 (ut
985 2815 1034 2848 nos
1056 2797 1173 2866 edimus)
1198 2817 1248 2867 pro
1270 2810 1340 2864 ‘essm

292 2884 398 2939 Suerin.
416 2903 454 2936 arr
469 2893 599 2953 putamus
617 2902 665 2934 nas
683 2882 743 2935 illas
762 2884 947 2954 cogitasse-
965 2884 1019 2935 nisi
1039 2886 1111 2955 quad
1132 2886 1206 2939 laud.
1225 2899 1294 2954 esset
1312 2901 1341 2941 et

291 2973 460 3043 praeclarum
483 2972 627 3024 sidenem.
669 2969 740 3024 Gud.
767 2972 802 3025 A.
839 2974 886 3024 An
912 2972 1044 3042 cogitasse
1068 2971 1120 3023 sibi
1142 2974 1286 3045 quicqaam
1312 2977 1341 3029 irs

293 3063 355 3115 visre
370 3078 429 3129 sup.
448 3057 502 3110 nisi
518 3056 590 3128 quod
605 3066 647 3109 est
674 3057 750 3108 lausi.
779 3067 808 3106 et
830 3058 1001 3125 praeclarum
1026 3058 1170 3115 uideretur.
1218 3059 1289 3113 Gud.
1310 3061 1341 3114 Β.

293 3158 349 3202 etse
366 3166 441 3217 eam,
458 3157 515 3199 tum
536 3144 611 3197 laud.
628 3154 730 3196 esset.
765 3142 888 3208 este..
908 3156 937 3198 ut
952 3144 1019 3201 On.
1038 3144 1069 3197 E.
1089 3144 1136 3208 th
1157 3144 1225 3199 Cod.
1243 3146 1339 3200 Duisb.

292 3236 500 3307 cogitassentne
523 3231 589 3301 (boe
618 3250 651 3282 ne
666 3230 887 3301 interrogativum
912 3250 962 3284 nos
993 3233 1176 3303 recipiendum
1206 3235 1341 3303 damnus)

294 3326 381 3399 quicq.
399 3324 428 3373 in
446 3322 504 3374 uita
522 3318 574 3371 sibi
589 3336 646 3371 esse
663 3334 724 3386 esp.
741 3319 796 3370 misi
815 3318 899 3390 quisi
920 3319 1029 3372 laudab.
1053 3329 1082 3370 et
1106 3309 1208 3388 praeci
1224 3338 1281 3372 esse
1299 3323 1341 3372 ai·

295 3411 421 3470 demurs
439 3405 499 3460 Cre.
516 3411 543 3460 1.
559 3418 691 3474 putamus
704 3424 756 3457 uas
772 3424 817 3458 ess
835 3408 922 3477 quicq.
947 3407 976 3457 in
994 3408 1053 3458 cita
1071 3407 1122 3458 sibi
1138 3425 1196 3459 esse
1217 3426 1276 3476 esp·
1295 3427 1341 3461 co-
1375 3446 1380 3455 .

292 3499 409 3567 guerre,
426 3497 479 3548 uisi
497 3495 570 3565 quasi
585 3494 662 3545 iared.
681 3503 751 3546 esset
770 3503 798 3544 et
813 3495 915 3562 prasci.
934 3493 1079 3555 uideaturs
1099 3492 1159 3545 Cri.
1169 3498 1195 3546 2.
1212 3512 1250 3544 an
1267 3495 1342 3564 cagi-

295 3594 368 3634 tasse
385 3582 493 3654 aliquid
509 3582 539 3632 iss
556 3582 616 3633 aits
631 3590 719 3651 supet.¹
737 3578 790 3632 eibi
806 3581 860 3633 nisi
878 3581 952 3652 quod
966 3581 1042 3632 tamt.
1060 3590 1087 3631 et
1104 3580 1203 3649 praeci.
1222 3599 1281 3632 esse
1298 3583 1342 3633 ci·

295 3671 411 3725 deretur.
436 3668 497 3722 Cre.
515 3671 540 3722 3.
566 3686 619 3719 nan
646 3669 781 3738 cogitasse
804 3682 962 3739 quemquam
987 3668 1081 3739 (supra
1105 3667 1153 3721 tin.
1171 3668 1270 3742 quicq.)
1286 3686 1340 3737 pu·

295 3767 387 3808 tamus
403 3756 455 3809 sibi
471 3773 531 3823 esp.
545 3756 574 3804 iu
591 3755 658 3806 uita.
683 3753 770 3808 Casii.
780 3755 861 3809 Bern.
881 3766 908 3808 et
924 3754 985 3808 Bes.
993 3767 1125 3825 putamus
1134 3774 1181 3807 nas
1194 3753 1255 3804 illos
1265 3755 1341 3826 quic.

296 3859 377 3914 quam
394 3842 423 3892 irs
442 3842 501 3893 citu
519 3840 571 3891 sibi
585 3857 645 3909 exp.
662 3856 721 3897 esse
737 3843 885 3913 cogitasse,
903 3844 956 3895 nisi
974 3844 1046 3914 quari
1062 3842 1081 3897 l.
1098 3853 1126 3893 et
1148 3861 1193 3911 pr.
1217 3859 1274 3892 esse
1299 3844 1341 3896 ui·

296 3927 425 3981 deretur?
442 3928 521 3981 nest.
540 3931 567 3982 1.
583 3946 639 3981 non
656 3927 736 3982 babet
749 3940 894 3999 ponamus,
917 3944 976 3986 tum
995 3931 1098 3985 exbibet
1124 3930 1175 3982 sibi
1197 3947 1254 3982 esse
1273 3950 1342 4004 exp„

191 4012 194 4017 “
296 4015 426 4086 denique:
442 4015 517 4069 laud.
536 4026 564 4066 et
577 4016 678 4084 praeci.
696 4034 752 4069 esse
769 4018 922 4079 uideretur,¹
939 4018 1020 4075 Drsd.
1039 4024 1064 4072 2.
1104 4020 1151 4070 Ars
1176 4020 1284 4090 aliquid
1300 4023 1343 4073 ai—

298 4112 339 4151 cst
357 4102 488 4173 cogitasse
505 4101 557 4153 sibi
572 4122 628 4155 esse
643 4121 705 4173 exp.
713 4123 722 4164 ,·
741 4103 821 4157 Drsd.
838 4108 863 4159 3.
881 4117 1064 4175 amputamus
1073 4123 1231 4183 quemquam
1247 4109 1342 4161 borum

298 4189 430 4259 cogitasse
448 4189 535 4261 quicq.
552 4193 581 4242 in
602 4192 660 4242 uita
677 4192 729 4242 sibi
745 4209 802 4245 esse
822 4222 853 4235 ··
872 4195 950 4250 baud.
976 4206 1004 4246 et
1029 4195 1128 4263 praeci.
1158 4213 1214 4246 esse
1239 4195 1343 4248 utae-
