3059 4925
521 413 715 495 ruinosos
734 445 783 494 nr.
826 450 895 496 usn.
915 452 937 496 ι.
1179 430 1250 503 135

202 606 280 671 fecti,
298 605 404 658 virtutes
421 616 447 658 et
466 605 604 676 pravitates
621 606 722 660 liabent
739 605 846 676 grsdus.
893 608 929 660 As
947 627 1009 660 sero
1035 609 1188 665 Stoicorum
1207 632 1250 666 sa·
1318 651 1320 658 ,

202 693 277 763 piens
292 704 330 746 est
349 692 482 763 perfectus
508 704 539 745 ut
562 693 642 759 deus,
670 710 736 763 ergo
761 693 982 763 sapientissimus:
1008 696 1137 768 insipiens
1160 710 1249 752 autem

201 798 297 834 eorum
310 792 349 834 est
365 780 602 852 insipientissimus.
649 781 691 834 Da
709 779 760 834 lieo
785 779 850 833 falsa
869 780 1072 836 ratiocinatione
1095 786 1160 839 recti
1179 787 1249 839 eius-

139 851 144 867 *
202 887 254 939 que
271 868 342 940 epod
360 855 466 923 Stoicos
484 866 588 922 fallacia
606 868 641 921 cf.
659 866 763 921 Seneca
782 866 832 937 Ep.
852 870 896 921 65.
914 879 940 921 et
958 868 1072 937 Epictet.
1091 872 1250 939 ptiised.

200 954 303 1024 Upton.
320 954 418 1025 quibus
434 954 549 1007 addatur
567 953 671 1024 Lipsius
700 955 728 1006 in
753 953 911 1009 Manuduct.
935 954 966 1007 ad
992 955 1090 1009 Philos.
1118 956 1200 1013 Stoic.
1219 960 1249 1015 L.

201 1042 244 1095 111.
263 1044 353 1095 c.4.“
389 1042 571 1112 wyttenb.
703 1026 705 1032 ’

272 1140 342 1181 certe
362 1148 394 1181 ne
414 1128 479 1180 bono
499 1129 605 1199 quidem
623 1128 717 1179 melius
737 1129 881 1199 quicquam
901 1129 1016 1181 inveniri
1032 1133 1142 1198 potesh]
1172 1130 1249 1196 „lloc

205 1217 337 1271 nasutis
351 1205 463 1281 Stoicis,
483 1213 649 1284 scriptione
667 1215 863 1269 statuentibus·
895 1215 963 1269 Nam
989 1216 1017 1268 in
1043 1217 1136 1270 mediis
1153 1217 1249 1269 officiis

201 1316 231 1357 ut
249 1321 300 1358 nec
314 1304 459 1368 virtutum,
477 1303 512 1356 ite
531 1319 582 1356 nec
600 1314 775 1374 peccatorum
795 1302 940 1373 aequalitas
965 1322 1021 1357 esse
1045 1303 1151 1374 poterit.
1194 1302 1248 1356 Sed

200 1390 244 1443 illa
262 1387 469 1461 κατορθώματος
488 1390 617 1461 perfectio
637 1409 771 1462 nosquam
790 1392 911 1461 gentium
937 1391 1026 1445 adhuc
1049 1391 1154 1445 inventa
1180 1395 1248 1444 est.“

201 1477 293 1547 Xyst.
312 1477 422 1530 Botul.

197 1623 202 1628 η
270 1574 417 1616 certesies
436 1564 667 1635 bonoqoidem]
704 1563 896 1634 „Esponasnus
921 1565 994 1620 hunc
1018 1565 1126 1633 locuni,
1153 1567 1248 1639 nequis

200 1671 262 1704 eum
280 1651 413 1722 depravet.
454 1651 680 1720 Quemadmodum
700 1651 816 1722 (inquit)
833 1653 902 1704 nittt
919 1662 991 1704 recto
1008 1654 1107 1714 rectius
1125 1664 1181 1716 est,
1205 1655 1247 1704 ita

200 1757 247 1789 neo
263 1736 331 1790 lione
345 1738 448 1789 melius.
486 1737 536 1791 ttic
564 1757 619 1789 non
647 1737 733 1789 ausim
757 1737 862 1791 dicere:
890 1741 938 1789 lto
961 1757 1001 1789 ns
1024 1737 1091 1790 bono
1112 1740 1247 1810 quidem

199 1826 303 1877 metius.
344 1824 492 1878 Nemeum
512 1824 610 1878 Cicero
630 1825 750 1878 inbono
780 1838 807 1879 et
834 1836 907 1880 recto
933 1825 1119 1896 aequalitatem
1143 1837 1249 1891 statuat,

200 1914 228 1963 in
246 1930 276 1965 ea
297 1922 386 1965 autem
404 1910 540 1976 oratione,
561 1930 630 1990 quae
647 1930 696 1983 per
714 1932 746 1963 ne
765 1924 791 1966 et
809 1913 913 1984 quidem
929 1913 1056 1979 effertur,
1074 1932 1180 1983 semper
1198 1913 1247 1965 ali-

200 1999 263 2070 quid
281 1998 421 2071 inaequale
437 1997 623 2069 ngsifiesturt
637 1998 666 2051 id
683 2010 735 2064 est,
765 2018 824 2052 mes
843 2002 987 2065 sententia,
1012 2000 1082 2053 inter
1100 1999 1167 2052 haec
1191 2000 1246 2052 duo

199 2085 327 2157 loqrseffli
346 2103 446 2155 genera
463 2084 638 2150 discriminis,
664 2086 737 2157 quod
764 2088 835 2141 inter
853 2086 964 2159 aequale
983 2098 1011 2141 et
1027 2086 1175 2157 inaequale.
1212 2085 1247 2140 Et

200 2172 262 2244 quia
280 2173 377 2226 Cicero
393 2190 440 2224 neo
458 2191 508 2243 pro
526 2192 559 2225 ue
576 2184 705 2245 sequente
723 2176 829 2245 quidem
846 2174 949 2246 aliquot
965 2173 1032 2228 locis
1049 2175 1187 2245 usurparit
1203 2178 1247 2243 (ut

199 2259 360 2314 officiorum
379 2260 412 2312 ΙΙ.
439 2260 472 2313 de
491 2260 589 2314 lustitia
609 2260 665 2328 ΙΙΙ,
683 2261 751 2328 4⁰.]:
779 2262 873 2330 ouius,
896 2262 999 2333 inquit,
1023 2270 1105 2312 tanta
1128 2260 1169 2313 ris
1195 2270 1246 2324 est,
1309 2295 1315 2306 ·

200 2361 232 2400 ut
248 2367 307 2400 nee
323 2349 366 2401 itti
384 2349 535 2419 quidem,
560 2348 608 2418 qui
625 2347 757 2415 maleficio
781 2358 809 2400 et
828 2349 924 2401 scelere
945 2356 1114 2417 poscuntur,
1139 2345 1246 2414 possint

199 2438 255 2490 sine
272 2437 331 2489 ulta
346 2436 488 2507 porticulo
503 2434 629 2487 iustitias
646 2434 763 2500 vivere),
792 2436 819 2489 id
839 2435 912 2506 quod
930 2434 1056 2489 Erasmus
1073 2451 1106 2487 ec
1122 2429 1246 2485 Budaeus

198 2533 372 2589 annotarunt,
396 2542 429 2576 eo
449 2521 512 2574 miti
526 2521 615 2592 lapsos
631 2521 699 2573 uisus
718 2534 756 2574 est
773 2522 895 2589 facilior,
921 2533 950 2575 ut
973 2521 1059 2575 lector
1083 2519 1122 2572 rel
1149 2537 1245 2589 parum

199 2610 317 2664 eruditus
333 2609 371 2662 rel
390 2609 478 2663 minus
495 2609 707 2664 animadvertens
731 2610 802 2664 idem
828 2612 907 2666 etiem
931 2610 984 2663 lioc
1005 2609 1067 2662 loco
1086 2608 1244 2661 Ciceronem

199 2700 290 2753 fecisse
308 2699 441 2765 crederet,
460 2709 630 2761 cum‚tamen
650 2699 755 2769 quidem
781 2698 814 2751 ad
832 2697 1027 2769 plenitudinem
1051 2693 1179 2750 orationis
1196 2696 1244 2748 ad-

197 2787 294 2839 iectum
312 2787 352 2840 sit.
387 2784 435 2838 Sic
450 2784 548 2839 Graeci
565 2789 594 2852 ri
613 2784 743 2857 particula
769 2797 882 2840 utuntur
898 2786 1041 2840 interdum.
1085 2783 1245 2836 Demosthe-

198 2893 246 2929 nes
268 2872 415 2944 Pbilippica
440 2873 526 2942 prima
551 2874 591 2943 [p.
609 2877 654 2939 41,
680 2875 731 2939 t.]:
758 2878 781 2925 εὶ
799 2870 852 2942 γάρ
875 2869 959 2943 ἔροιτό
977 2890 1019 2929 τις
1033 2866 1116 2934 ὑμᾶς,
1142 2869 1244 2939 atpium

198 2955 286 3026 dress,
308 2948 328 3011 oi
349 2957 444 3030 ἄνδρες
461 2956 615 3028 Ἀθηναῖοις
638 2955 676 3021 stoi
700 2957 743 3012 At'
761 2958 809 3026 οὐχ
832 2954 905 3030 ἡμεῖς
921 2980 971 3026 ys,
995 2955 1086 3011 εἴποιτ’
1103 2958 1149 3024 ἄν,
1176 2953 1243 3008 silici

198 3050 318 3116 Φιλίππῳ
336 3049 520 3109 πολεμοῦμενέ*
543 3047 746 3101 Morisotus.
793 3047 971 3114 „Membrana
994 3045 1128 3099 Leidensis
1147 3042 1244 3098 omittit

196 3135 316 3205 quidem:
345 3145 433 3198 rentes
451 3153 484 3187 ne
502 3135 573 3187 enim
593 3133 705 3204 ponitur
730 3154 780 3205 pro
800 3136 973 3207 ree-quidam.
1015 3133 1076 3186 Vid.
1101 3132 1242 3204 exquisitae

196 3220 333 3275 doctrinae
351 3221 453 3288 sirum,
472 3220 503 3274 C.
522 3223 556 3273 Α.
569 3218 731 3274 ¹liuclserum
757 3221 791 3273 ad
810 3222 883 3273 Flor.
901 3221 946 3287 ΙΙΙ,
964 3225 1009 3287 1a,
1027 3225 1053 3273 2.
1080 3230 1106 3271 et
1130 3217 1164 3270 ad
1187 3218 1240 3270 Lis.

196 3307 559 3375 XLlV,ili.‘⁴Rulinlsen.
588 3307 621 3361 ad
642 3306 723 3359 Rutil.
748 3307 815 3377 Lup.
844 3326 870 3378 p.
885 3310 936 3361 129
954 3327 994 3378 sq.
1013 3335 1047 3347 ·-
1090 3305 1242 3360 Obseeutus

195 3406 233 3448 est
252 3393 411 3450 Ruhnkenio
435 3395 580 3451 Scliiitaius.
616 3394 791 3448 Gernhardus
808 3407 896 3449 autem
923 3395 951 3448 in
976 3393 1128 3459 Addendis,
1153 3392 1242 3459 „lure,

127 3511 129 3516 ·
195 3483 295 3554 inquit,
316 3482 439 3537 Bremius
455 3484 488 3537 ed
507 3483 586 3537 Finn.
597 3484 617 3548 Ι,
637 3487 663 3548 o,
682 3476 839 3553 812contra
857 3483 992 3536 Davisium
1011 3493 1037 3535 et
1053 3477 1243 3535 Ruhnleoium

195 3570 310 3636 totitas,
328 3589 378 3637 an,
408 3571 429 3624 si
445 3590 479 3623 ne
498 3591 548 3642 pro
566 3571 729 3642 ›re-quidem
749 3572 782 3624 ab
808 3571 866 3624 aliis
883 3569 1057 3640 scriptoribus
1081 3568 1183 3622 dictum
1201 3566 1243 3632 sit,

194 3658 265 3711 idem
283 3656 460 3712 Ciceroniana
478 3658 591 3724 dicatur,
608 3658 697 3711 donec
715 3677 746 3710 es
763 3658 821 3727 ipso
841 3657 972 3712 Cicerone
989 3666 1061 3711 certa
1079 3667 1106 3710 et
1120 3654 1243 3708 omnium

195 3744 280 3798 Codd.
297 3747 454 3801 auctoritate
472 3745 631 3800 confirmate
649 3745 769 3817 exempla
788 3736 970 3817 proferantur.
1010 3737 1079 3796 Νὴ]
1095 3744 1165 3797 iusto
1184 3742 1243 3814 plus

194 3831 405 3904 Oudendorpius
421 3833 514 3887 tribuit
530 3831 657 3887 Doclero
676 3833 709 3886 ad
728 3833 855 3898 Florum,
880 3846 911 3888 ut
928 3832 1067 3886 Heindorf.
1090 3832 1122 3885 ad
1149 3831 1242 3885 floret.

142 3981 145 3985 ,
194 3920 248 3975 Sat.
267 3921 300 3987 ΙΙ,
320 3924 346 3988 3,
366 3924 427 3977 262.
470 3917 656 3975 Rubnlenio.“
703 3921 784 3974 Nunc
810 3921 919 3991 quidem
948 3940 981 3971 ne
1007 3939 1057 3990 pro
1082 3919 1243 3989 rie-quidem

128 4042 129 4045 =
194 4008 245 4062 diei
264 4028 321 4062 non
339 4028 416 4080 posse
437 4018 562 4063 accurate
585 4009 707 4079 probavit
724 4008 841 4079 Madvig.
868 4008 901 4060 ad
920 4004 976 4061 Cic.
1001 4007 1035 4060 de
1062 4004 1178 4068 Fiunt,
1198 4007 1242 4069 11,

194 4098 236 4149 39.
256 4116 282 4165 ρ.
301 4099 336 4149 82
355 4116 394 4168 sq.
413 4109 440 4151 et
457 4098 484 4149 in
503 4095 621 4149 Excursu
640 4096 684 4149 ΙΙΙ.
704 4116 730 4168 p
738 4099 801 4152 818,
839 4098 893 4149 lam
913 4114 975 4148 vero
994 4095 1072 4147 etiem
1090 4111 1146 4144 noo
1166 4101 1244 4161 pote·

195 4181 229 4235 sit
247 4184 432 4241 commendari
450 4204 497 4238 nec
516 4213 549 4222 -
569 4185 673 4255 quidem
699 4196 758 4256 post
776 4204 824 4251 ea,
855 4203 924 4255 quae
950 4182 1100 4236 docuerunt
1127 4176 1242 4246 Madvig.
