3059 4925
285 434 359 510 298
619 455 791 507 ramnoxs
818 428 1027 505 erotcornitj

284 621 436 684 Romanae,
454 634 534 689 quam
553 614 587 669 ad
606 615 802 686 magistratus.“
819 605 851 666 li.
869 613 974 668 Wolf.
1014 613 1075 668 Fre.
1103 613 1175 686 Sylv.
1201 616 1335 671 delectum

283 708 398 762 militum
420 704 592 775 intelligebat.
630 703 768 754 Dilectum
785 720 840 754 esse
858 700 938 753 etiam
956 700 985 753 in
1003 700 1062 753 MS.
1081 700 1229 755 Pitboeano
1247 722 1338 757 auno·

285 798 345 851 tavit
363 794 473 859 Graec,
492 790 538 844 sed
557 809 607 862 pro
627 790 695 844 varia
715 790 776 843 lect.
794 787 958 858 adscriptum
977 787 1128 840 delectum.
1166 789 1226 859 lpse
1239 787 1338 842 Graes.

283 882 365 936 edidit
382 882 509 932 dilectum
533 876 699 949 addiditque:
744 875 793 944 „Si
821 875 859 929 sic
887 874 993 945 scripsit
1019 876 1130 943 Cicero,
1166 875 1232 930 nibil
1260 876 1335 929 aliud

283 969 426 1043 significat,
452 985 533 1038 quarn
552 965 580 1018 in
598 964 696 1019 dilectu
714 963 854 1028 babendo,
881 962 909 1016 io
929 961 1041 1016 decretis
1059 963 1188 1017 facundis
1204 963 1270 1016 nibil
1289 982 1334 1015 ra·

282 1056 374 1121 luisse,
394 1054 442 1107 nisi
462 1051 619 1125 pecuniam,
647 1063 677 1107 ut
697 1052 719 1106 ii
748 1051 862 1104 militum
882 1049 1001 1102 numeris
1027 1069 1082 1103 oon
1109 1050 1334 1113 adscriberentur,

283 1154 328 1197 aut
345 1140 485 1195 ordinibus
501 1139 683 1214 insererentur
698 1138 911 1204 honestioribus,
937 1136 1034 1207 quibus
1052 1148 1128 1190 eraut
1147 1137 1268 1208 indigni,
1290 1149 1333 1192 ut·

283 1247 336 1300 que
352 1227 458 1282 decreta
476 1226 568 1297 iniqua
586 1227 614 1279 in
633 1243 728 1279 eorum
747 1227 860 1296 gratiam
880 1225 1124 1294 interponerentur,
1144 1226 1190 1295 qui
1210 1226 1270 1296 plus
1282 1227 1332 1279 ob-
1394 1212 1397 1216 ⁸

282 1315 403 1369 tulissent
420 1314 580 1385 pecuniae.“
597 1341 632 1352 -
669 1314 812 1365 Delectant
829 1314 847 1366 i.
866 1331 890 1365 e.
908 1311 929 1363 si
948 1311 1044 1365 milites
1064 1312 1144 1383 legit,
1161 1324 1188 1366 et
1205 1333 1265 1379 eos,
1285 1316 1331 1385 qui

282 1400 430 1456 aeundurn
443 1401 529 1472 legem
540 1400 675 1454 debebant
686 1400 813 1465 militare;
833 1397 940 1451 dimittit
951 1411 1059 1470 accepta
1070 1401 1211 1470 pecunia.“
1223 1403 1286 1472 Wy
1294 1412 1304 1454 t
1312 1412 1330 1455 t.

281 1488 364 1559 Borg.
384 1488 514 1544 delectum
532 1506 588 1541 non
606 1487 640 1540 de
658 1487 786 1540 militibus
803 1483 1019 1552 conscribendis,
1046 1487 1091 1540 sed
1118 1487 1150 1541 de
1169 1488 1271 1542 delectu
1288 1489 1331 1541 iu-

283 1574 372 1632 dicum
392 1574 580 1646 accipiendum
598 1585 702 1640 censet,
730 1578 793 1643 qnia
811 1592 900 1628 sermo
926 1573 959 1626 sit
977 1573 1010 1625 de
1030 1574 1160 1645 pecuniae
1178 1575 1202 1627 vi
1221 1575 1248 1627 in
1269 1593 1330 1629 cor·

248 1683 251 1694 ·
283 1661 438 1732 rumpentis
455 1660 572 1714 iudiciis:
588 1659 733 1732 laudatque
753 1659 822 1712 Phil.
840 1660 875 1727 V,
893 1664 924 1714 b:
954 1660 1079 1712 Dilectus
1096 1670 1188 1712 autem
1206 1671 1233 1712 et
1252 1671 1332 1712 notu·

281 1748 321 1801 tio
338 1748 494 1799 iudicum
511 1747 594 1799 etiam
611 1747 640 1798 ira
658 1747 758 1799 nostris
778 1745 882 1799 civibus
899 1744 993 1799 baberi
1010 1747 1085 1800 solet.
1120 1748 1179 1818 Ego
1197 1749 1225 1801 iu
1248 1749 1331 1818 Wyt-

282 1834 414 1890 tenbacbii
433 1833 605 1905 explicatione
623 1834 773 1906 acquiesco.
807 1833 941 1903 Borgersii
960 1834 1091 1887 rationem
1110 1836 1130 1888 si
1150 1835 1272 1889 voluisset
1288 1837 1332 1888 in·

282 1921 363 1994 telligi
384 1923 495 1989 Cicero,
512 1922 570 1976 roci
589 1922 719 1974 delectum
736 1921 837 1991 aliquid
856 1920 1005 1974 addidisset.
1051 1923 1175 1975 Ceterum
1201 1922 1331 1974 delectum

282 2021 309 2062 et
327 2010 452 2063 dilectum
478 2008 623 2081 aliquando
648 2009 811 2076 distinximus
838 2008 871 2061 ad
900 2008 957 2062 cie.
981 2008 1014 2061 de
1039 2008 1105 2080 Rep.
1123 2008 1144 2073 l,
1162 2011 1205 2064 34.
1218 2029 1251 2079 p.
1268 2012 1330 2063 141.

282 2095 359 2149 Adde
377 2095 522 2149 Forcellin.
545 2094 578 2149 T.
597 2094 629 2147 ΙΙ.
648 2114 675 2165 p.
692 2097 736 2149 33.
762 2096 804 2148 ed.
826 2094 919 2148 Germ,
950 2105 976 2149 et
1000 2095 1108 2167 Zumpt.
1137 2097 1169 2150 ad
1189 2099 1245 2152 Cic.
1270 2097 1329 2150 Die.

283 2183 311 2235 in
328 2182 427 2238 Caecii.
445 2186 473 2248 4,
492 2185 535 2236 15.
552 2201 578 2253 p.
597 2184 631 2236 13
650 2201 689 2252 sq.
708 2211 742 2222 -
784 2180 837 2234 Sed
865 2182 963 2252 legitur
989 2182 1120 2235 delectum
1137 2193 1170 2235 et
1196 2184 1331 2235 decretum

282 2273 310 2323 in
329 2269 394 2325 Ore.
413 2270 444 2324 Ε.
462 2287 492 2332 ψ.
512 2269 593 2323 Drsd.
610 2275 635 2323 2.
653 2274 695 2333 4.;
724 2270 753 2322 in
773 2268 844 2322 Gud.
863 2270 896 2323 Α,
911 2270 1038 2327 electum,
1057 2270 1084 2322 in
1105 2270 1198 2324 Duisb.
1212 2283 1239 2325 et
1256 2270 1330 2325 Oct.

284 2357 423 2424 dilectum,
442 2345 582 2411 demetam·
620 2357 700 2411 Prior
717 2376 765 2410 vox
787 2356 883 2410 omissa
901 2367 939 2411 est
956 2357 984 2410 in
1003 2355 1071 2412 cod.
1090 2356 1196 2416 Suerin.
1233 2358 1292 2412 ΜΓ.

354 2502 485 2566 olieiram,
503 2519 581 2554 suant
598 2501 787 2569 sententiam,]
824 2499 890 2570 „Sic
908 2520 1003 2555 omnes
1024 2499 1085 2554 met
1121 2499 1199 2552 Unus
1217 2499 1333 2550 alienum

283 2598 352 2641 sent.
388 2587 461 2641 Alias
479 2587 595 2640 alienum
612 2606 761 2658 suamque
780 2599 850 2644 sent,
867 2618 903 2628 -
939 2588 1082 2642 Alienum:
1101 2589 1187 2642 Crassi
1209 2588 1331 2657 gratiam,

283 2674 454 2740 auctoritate,
490 2674 631 2745 largitione
660 2676 795 2751 corruptis
827 2676 958 2730 iudicibus
988 2686 1014 2728 et
1043 2675 1231 2727 senatoribus.“
1261 2672 1333 2725 Atd.

283 2761 374 2817 Man.
418 2760 485 2814 eod.
509 2759 568 2814 Cra.
597 2761 713 2814 alienam
742 2774 778 2814 et
806 2782 885 2816 suum
916 2773 985 2815 sent.
1003 2791 1036 2799 —
1074 2760 1116 2812 ttd
1148 2782 1170 2813 v.
1199 2762 1334 2811 decretum

283 2850 371 2923 Wytt.
388 2849 466 2905 baeer
485 2848 611 2918 „Dicitur
629 2850 763 2903 decretum
782 2851 925 2923 praetoris,
949 2848 1056 2913 iudicis,
1080 2847 1247 2918 magistratus
1271 2867 1333 2899 sen·

284 2938 365 2992 tentia
383 2938 412 2991 in
431 2958 507 2992 causa
527 2936 682 2993 decidenda.
718 2938 780 2992 Vid.
798 2939 916 2992 Brisson.
935 2938 967 2990 de
986 2937 1088 2989 Verbb.
1106 2935 1222 3007 Signii.“
1251 2934 1333 3002 [Add.

284 3025 407 3080 Dirlisen.
425 3025 442 3079 l.
469 3046 492 3080 c.
512 3047 534 3079 v.
553 3026 698 3088 decretum,
727 3048 753 3099 p.
772 3031 834 3082 att.
852 3047 876 3080 a.
896 3027 933 3094 b.]
976 3026 1132 3089 „Sententia
1160 3022 1269 3094 proprie
1292 3021 1333 3074 di·

285 3115 353 3170 citur
377 3115 519 3169 senatoris:
551 3114 633 3186 igitur
656 3118 767 3170 Crassus
792 3117 819 3171 in
840 3126 931 3168 senatu
957 3112 1046 3167 vendit
1073 3132 1128 3166 non
1155 3112 1235 3165 modo
1255 3132 1331 3165 suam

284 3206 457 3271 sententiam,
487 3203 629 3257 sedetiam
657 3203 784 3275 alienam,
811 3203 830 3256 i.
852 3223 875 3257 e.
901 3214 1010 3274 accepta
1040 3201 1154 3274 pecunia
1181 3203 1332 3272 corrumpit

287 3295 367 3350 etiarn
387 3292 453 3347 alios
465 3294 626 3346 senatores.“
663 3292 737 3345 ldem
748 3288 782 3345 ad
799 3293 910 3364 sorum:
930 3302 979 3358 „nt
991 3301 1098 3362 praetor
1116 3300 1142 3343 et
1160 3289 1236 3342 iudex
1246 3291 1278 3352 “3
1297 3287 1330 3340 ad

284 3386 402 3436 domum:
420 3391 469 3448 „ut
486 3389 561 3451 pater
577 3378 691 3434 familias
708 3401 772 3434 suos
785 3379 822 3433 vei
842 3374 932 3451 prodit
942 3378 981 3430 vel
996 3377 1028 3430 ad
1044 3377 1234 3431 contumeliam
1253 3394 1332 3449 prae-

284 3471 368 3535 bet“;
387 3469 419 3522 ad
440 3487 538 3526 vocem,
557 3468 707 3521 silentium:
734 3487 810 3534 „uon
830 3466 911 3519 modo
929 3466 1072 3538 pecuniam
1090 3466 1203 3538 accipis,
1234 3478 1262 3518 ut
1281 3483 1331 3536 pro

284 3557 375 3629 aliquo
394 3574 484 3610 rocem
511 3555 612 3609 emittas
629 3574 746 3627 eumque
764 3552 905 3621 delendas,
930 3553 974 3608 sed
1001 3554 1095 3620 etiam,
1125 3566 1154 3608 ut
1182 3566 1283 3618 taceas,
1311 3553 1331 3604 si

285 3664 352 3715 opus
369 3644 427 3697 sit.“
446 3671 480 3683 -
517 3643 629 3715 „Neque
649 3642 759 3696 domum
781 3642 897 3696 vendidit
914 3662 1002 3713 neque
1024 3642 1126 3707 lorum,
1152 3642 1195 3694 sed
1215 3641 1287 3692 dorni
1307 3652 1333 3693 et

285 3731 391 3804 publice
410 3731 499 3784 omnia
520 3731 649 3802 pecuniae
669 3752 746 3786 causa
766 3733 829 3786 feeit
847 3729 982 3784 Crassus.“
1006 3728 1037 3781 H.
1056 3728 1160 3782 Wolf.
1203 3726 1276 3780 Idem
1297 3726 1329 3778 ad

284 3839 306 3871 v.
328 3836 427 3882 vocem,
447 3818 598 3889 silentium,
618 3839 680 3875 cum
708 3819 832 3891 quidam,
856 3817 1006 3884 annotavit,
1034 3816 1105 3889 apud
1124 3816 1331 3870 Demosthenem

219 3896 221 3902 '
285 3903 444 3976 gloriaretur
468 3924 494 3957 se
514 3904 621 3957 dicendo
645 3902 774 3960 talentum
794 3928 847 3961 esse
865 3906 1013 3973 lucratum,
1043 3905 1208 3978 respondisse
1233 3907 1329 3961 fertur:

285 4002 311 4045 at
330 4011 380 4064 ego
399 3992 518 4064 quinque
538 3995 658 4049 tacendo.
695 3996 753 4047 Mr.

357 4138 457 4184 vocem,
473 4120 638 4187 silentium]
675 4118 777 4172 Laudat
794 4117 875 4187 Borg.
896 4116 987 4171 locum
1006 4117 1171 4173 simillium
1189 4115 1287 4180 Paitt,
1298 4121 1329 4171 6:

286 4209 343 4281 olio
367 4218 409 4260 est
433 4225 517 4263 corsa
541 4226 644 4272 urum,
674 4223 788 4279 quorum
816 4208 847 4257 si
854 4206 943 4258 lenti
950 4228 966 4257 o
988 4206 1112 4276 ignosco:
1144 4207 1202 4259 clio
1234 4225 1331 4273 mum,
