3059 4925
509 482 705 532 rereroxorv
726 485 754 531 v.
784 485 853 533 etr.
873 486 908 534 11.
1161 461 1236 535 239
1310 472 1312 475 ’

188 644 257 695 tutis
271 641 358 697 iorum
374 651 480 709 tenent,
508 644 566 696 cre.
583 646 609 703 t.
628 642 769 699 servitutis
788 651 880 695 tenent
899 642 999 706 locum,
1019 642 1091 697 Gud.
1103 644 1135 695 A.
1151 644 1237 697 torum

187 739 279 781 tenent
296 730 446 782 servitutis.
484 729 565 782 Vides
582 728 703 783 homiues
721 727 929 797 Grammaticos,
948 730 1046 801 quibus
1064 730 1173 803 simplex
1194 751 1240 784 vo·

188 816 345 870 cabalorum
371 815 439 869 ordo
463 815 630 887 displiceret3
659 836 742 888 quare
767 819 800 871 ad
825 835 903 870 suum
930 817 1043 890 quisque
1067 829 1174 889 captum
1200 820 1239 872 ret

187 902 337 974 elegantiae
355 922 464 957 sensum
484 915 658 961 correxerunt
677 903 847 959 Ciceronem.
882 904 940 957 Mr.

258 1011 405 1079 spargunt]
424 1009 518 1074 „servi
530 1026 649 1080 quorum
661 1026 762 1063 munus
770 1021 809 1065 est
821 1010 849 1065 iu
862 1026 961 1081 magno
970 1019 1044 1065 aestu
1056 1009 1239 1065 viridariorum

188 1094 240 1148 vias
257 1100 465 1167 conspergere.“
502 1096 598 1152 Fare.

258 1200 303 1253 Sic
323 1202 351 1252 in
370 1201 495 1267 civitate,
514 1203 562 1275 qui
579 1223 607 1255 se
625 1233 659 1244 -
680 1203 838 1257 dediderunt
846 1205 865 1273 ‚]
885 1203 951 1260 Cod.
971 1204 1043 1259 Gud.
1062 1205 1094 1259 A.
1113 1207 1164 1258 eie
1183 1205 1242 1276 qui

186 1289 215 1339 in
233 1287 354 1343 civitate.
398 1287 466 1343 Cod.
487 1290 569 1345 Drsd.
593 1294 618 1345 5.
640 1309 669 1342 se
692 1292 725 1342 in
744 1292 867 1346 istorum.
887 1322 921 1333 -·
963 1294 1166 1361 „Dediderunt‚
1192 1312 1242 1345 sex.

185 1376 327 1427 Dederunt
345 1387 479 1448 quattuor.
516 1378 630 1443 Dedere,
656 1394 735 1432 unus.
783 1379 974 1446 crediderunt,
993 1380 1057 1433 duo.
1101 1379 1241 1442 Dederint,

186 1480 265 1517 unus.
303 1464 472 1517 Dediderunt
492 1466 554 1529 (Dii
572 1465 734 1537 sup.add.),
753 1486 833 1521 unus.
871 1468 1056 1532 Dediearunt‚
1074 1485 1153 1521 unus.
1185 1471 1240 1519 De‘-

184 1547 276 1614 ditet,
293 1570 371 1604 unus.
399 1554 551 1617 veterum,
568 1572 646 1607 unus.
677 1555 810 1621 Declinet,
829 1556 925 1609 unus.“
944 1554 1117 1609 Ald.Man.
1154 1552 1243 1622 „Cori

184 1635 255 1690 Ptvh.
275 1637 575 1693 dederunt.“G1-aev.
622 1639 728 1693 Habent
755 1641 835 1695 etiam
859 1641 989 1693 dederunt
1016 1643 1101 1696 codd.
1124 1642 1190 1697 011.
1208 1643 1238 1696 E.

184 1725 219 1780 N.
239 1742 262 1780 σ.
300 1723 407 1779 Suerin.
426 1723 497 1778 Gud.
516 1725 548 1780 A.
568 1724 658 1781 Guetr.
677 1728 737 1783 Bae.
755 1727 815 1782 Cre.
834 1733 860 1784 t.
880 1728 1003 1781 Drsd.1.
1022 1730 1047 1782 t.
1067 1733 1092 1781 5.
1128 1729 1159 1780 in
1173 1726 1241 1781 Cod.

184 1811 252 1876 (ἔτι.Ι
264 1816 290 1866 2.
310 1823 348 1866 est
367 1813 496 1881 dederint,
515 1815 544 1867 in
562 1814 613 1868 Or.
625 1834 654 1877 ψ.
674 1817 856 1870 tradiderunt.
893 1817 1034 1870 Dederunt
1051 1815 1149 1870 habent
1160 1817 1238 1870 etiam

183 1898 255 1951 End.
273 1918 330 1970 prc.
349 1903 428 1954 1465.
445 1912 470 1954 et
489 1901 567 1955 ttdtb.
588 1923 606 1956 e
626 1903 643 1957 Ι.
662 1915 687 1958 et
706 1925 728 1957 a.
764 1902 824 1957 ΜΓ.
991 1904 994 1911 ’

258 2024 546 2092 ipsiuscivitatie]
583 2027 922 2094 „Ipsiurrervitutis‚
942 2037 1002 2081 tres.
1039 2027 1160 2080 Fortasse
1180 2047 1234 2080 non

183 2111 283 2164 maie.“
301 2109 375 2164 Aid.
393 2110 480 2165 Man.
513 2112 613 2177 „Multi
632 2113 712 2168 MSS.
731 2124 795 2167 teste
819 2112 940 2168 Sustrido
967 2126 993 2169 et
1010 2115 1134 2171 Manutio
1151 2116 1238 2185 ipsius

183 2198 395 2251 servitutis:
415 2198 487 2270 quod
507 2209 532 2252 et
552 2220 602 2271 pro
621 2198 692 2254 varia
711 2199 825 2257 lectione
842 2201 870 2253 in
889 2201 1037 2256 Pithoeano
1055 2203 1240 2276 conspicieba-

184 2300 238 2341 tur.
275 2284 345 2339 Nihil
367 2305 428 2340 vero
447 2287 545 2345 certius
563 2298 601 2341 est
618 2288 669 2343 hac
684 2288 825 2358 scriptura.
873 2287 935 2343 Non
962 2289 1114 2345 enimcum
1135 2289 1239 2341 civibus

184 2374 326 2445 comparat
345 2373 413 2427 virne
439 2374 541 2429 nobiter
563 2375 604 2431 hir
630 2375 821 2448 cupiditatibus
846 2375 963 2444 deditos,
993 2376 1039 2430 sed
1064 2396 1126 2430 cum
1143 2378 1238 2428 servir.

184 2461 248 2514 Non
268 2458 364 2514 civium
386 2459 508 2528 ultimos,
532 2461 577 2518 sed
603 2482 741 2518 serverum
767 2461 876 2519 ultimos
901 2461 961 2516 ilios
985 2480 1039 2515 esse
1058 2460 1129 2515 dicit.
1172 2461 1237 2516 lude

184 2548 250 2606 dixit
267 2548 295 2601 in
315 2549 550 2619 praecedentibus:
565 2555 677 2620 Sumne,
695 2550 791 2622 inquit,
808 2551 942 2621 principer
961 2550 1097 2602 civitatis:
1118 2569 1164 2603 vos
1176 2569 1237 2601 vero

184 2653 220 2690 ne
237 2654 421 2687 conservorum
440 2635 544 2707 quidem
564 2649 712 2694 vestrorum
729 2638 864 2707 principes
881 2639 955 2690 estis.
1001 2637 1036 2691 Et
1053 2638 1081 2691 in
1100 2637 1236 2710 sequenti-

186 2725 239 2776 bus
257 2722 367 2793 probat:
388 2725 536 2779 Mummius
554 2727 579 2778 ri
600 2727 682 2778 talem
703 2726 828 2796 uidisset,
847 2736 939 2778 utrum
955 2726 1033 2777 illum
1051 2729 1133 2778 civem
1150 2727 1239 2778 excei-
1325 2763 1328 2768 -

184 2811 299 2874 lentem,
319 2827 356 2862 an
371 2811 515 2863 atriensem
533 2812 686 2884 diligentem
702 2812 837 2883 putaret?
855 2813 991 2867 Atrienses
1009 2833 1065 2867 nou
1083 2826 1140 2867 erat
1158 2815 1234 2868 cives.

184 2896 221 2949 Et
237 2896 328 2970 paullo
346 2908 418 2968 post:
438 2901 476 2949 M>
496 2899 593 2950 Curius
611 2911 662 2954 etc.
701 2902 799 2952 Videat
818 2900 937 2972 aliquem
954 2901 1063 2952 cummis
1078 2900 1173 2969 populi
1192 2899 1238 2950 be-

185 2984 289 3053 neficiis
307 3003 386 3036 usum
404 2994 454 3039 etc.
479 3003 564 3038 nonne
588 2986 660 3040 Itunc
692 2986 822 3044 lrorninem
849 2986 891 3036 ita
917 3004 1023 3040 servum
1040 2987 1140 3037 iudicet
1165 2986 1235 3055 (non

185 3071 299 3140 civem),
327 3082 359 3123 ut
376 3091 409 3125 ne
434 3071 463 3130 izv
481 3073 596 3144 fartilia
619 3073 725 3145 quidem
752 3073 863 3144 dr'gnem
887 3074 986 3126 maiore
1014 3072 1107 3144 aliquo
1129 3075 1236 3144 negotio

183 3160 285 3228 putet?
320 3158 391 3216 Nihil
419 3160 526 3216 certius.
569 3161 668 3214 Veram
694 3160 784 3231 itaque
806 3160 965 3229 scripturam
990 3159 1080 3213 Tullio
1107 3158 1237 3212 redditu*

181 3244 369 3304 Graevius.
404 3247 549 3314 „Ciceroni
569 3247 736 3319 propositum
767 3257 824 3300 erat
843 3246 999 3311 ostendere,
1024 3266 1070 3299 eos
1100 3264 1155 3297 non
1181 3266 1236 3299 esso

187 3336 323 3409 principes
340 3334 458 3392 civitatis.
493 3334 547 3388 Alii
559 3334 652 3407 legunt
669 3335 755 3406 ipsius
773 3334 983 3388 servitutis:
1002 3351 1071 3404 quae
1087 3331 1165 3385 lectio
1180 3352 1234 3385 non

188 3435 260 3482 caret
278 3423 394 3478 ratione:
425 3427 568 3476 censorum
595 3423 668 3500 euim
687 3442 767 3494 supra
787 3421 901 3486 vocavit,
931 3420 974 3474 hic
992 3431 1081 3474 autem
1100 3437 1235 3472 servorum

173 3511 273 3583 ‘paene
290 3510 398 3564 ultimos
415 3509 506 3576 [φάψ
524 3509 620 3566 Face.

258 3615 345 3684 ipeiue
362 3614 577 3683 servitutirJ,
594 3613 706 3686 „Vulgo
722 3624 761 3669 est
782 3614 919 3668 civitatis:
938 3622 966 3668 at
983 3610 1059 3664 multi
1070 3609 1151 3664 MSS·
1170 3611 1234 3668 boni

187 3702 285 3758 habeut
300 3704 459 3768 mutatis,
475 3712 509 3755 ut
525 3712 551 3757 et
568 3701 664 3758 Duisb.
705 3701 800 3771 ltaque
818 3699 948 3756 Graevius
965 3697 1090 3752 Ciceroni
1115 3698 1235 3770 restituit.

184 3788 232 3844 Sic
248 3789 328 3844 habet
345 3789 424 3843 etiam
442 3789 493 3842 Ed.
511 3786 608 3844 Coton.
631 3790 700 3842 Ven·
718 3786 829 3844 Mediol.
859 3786 928 3840 Vict.
947 3814 981 3826 -
1027 3787 1154 3840 civitatis
1179 3789 1235 3858 μή.

186 3896 262 3934 mum
277 3877 309 3930 in
326 3877 448 3930 Romana
466 3877 566 3932 editum
583 3886 633 3931 est.
669 3876 809 3932 Revocavit
830 3873 927 3929 Aldus:
947 3873 1018 3926 unde
1036 3873 1065 3925 in
1084 3873 1147 3927 alias
1165 3873 1234 3928 Edu.

186 3967 270 4031 venit,
289 3976 315 4019 et
332 3965 436 4036 vulgata
455 3963 537 4018 lectio
553 3963 623 4019 mota
641 3966 706 4020 eet.⁴‘
725 3962 804 4018 Ero.
847 3963 911 4016 Post
936 3959 1097 4026 Graevium,
1123 3972 1233 4030 excepto

185 4050 353 4116 Fasciolatm
372 4069 453 4107 nemo
472 4051 575 4104 redusit
590 4049 730 4105 tectionem
749 4051 878 4104 civitatis.
920 4049 1026 4108 Habent
1043 4060 1131 4102 autem
1149 4048 1232 4099 servi-

183 4139 269 4203 tutis,
287 4148 394 4208 praeter
411 4139 495 4196 libros
512 4138 545 4192 ab
565 4137 650 4205 Atto,
674 4137 790 4194 Graevio
809 4148 835 4192 et
852 4137 964 4192 Ernesto
984 4135 1118 4199 laudatos,
1146 4131 1233 4184 Codd.

184 4222 250 4279 On.
268 4224 338 4279 ΕΛ.
356 4224 387 4278 Ν.
405 4225 439 4277 U.
459 4243 482 4277 o.
500 4226 558 4280 cn.
576 4229 601 4281 3.
620 4224 727 4284 Suetiu-
746 4244 831 4295 marg.
851 4224 910 4280 Cre.
928 4228 952 4276 t.
977 4221 1044 4276 ttdd.
1069 4220 1135 4272 Dav.
1152 4216 1231 4272 [idib.
