3059 4925
338 458 574 508 notrannus
602 456 644 500 AI)
669 455 837 503 nicanorus
866 458 1049 506 PARADOXA.
1109 461 1217 508 lulli

167 622 294 677 sternii
313 622 348 676 de
365 619 477 674 consilio
496 616 635 688 Ciceronis
652 617 824 683 sententiam,
844 618 889 690 qui
907 619 935 673 in
954 618 1025 674 hanc
1043 620 1100 674 lere
1112 630 1219 675 moten-

168 713 232 766 tiam
250 712 378 783 disputat:
399 709 512 762 Volebat
531 707 626 773 „Cicem
647 716 763 772 uotam,
781 715 882 773 utrum,
901 723 970 779 quae
988 727 1017 760 ex
1035 707 1128 761 intima
1146 707 1220 762 Stoi·

108 847 111 850 ,
168 818 264 852 corum
283 798 422 869 disciplina
438 805 526 849 essent
552 794 648 865 petita,
672 793 725 847 dici
749 807 855 865 possem
877 795 998 849 oratione
1020 795 1158 867 populari,
1183 796 1219 848 ita

168 897 199 941 ut
215 885 293 957 vulgo
312 886 391 938 etiam
411 884 597 955 probarentur.
632 882 709 937 ldut
727 881 858 949 efficeret,
877 882 1004 955 exemplis
1019 883 1103 955 magis
1126 883 1218 945 utitur,

144 976 250 1044 'quam
269 973 435 1045 argumentis
450 972 530 1025 certis
547 980 572 1022 et
591 968 690 1037 firmis,
709 981 844 1024 oratorem
865 973 951 1041 potius
969 971 1038 1042 agit,
1057 990 1139 1043 quam
1159 971 1218 1041 pbi-

169 1060 317 1131 losophum.
358 1058 485 1113 Ceterum
504 1057 573 1110 baud
591 1056 714 1112 simulate
734 1059 872 1113 contendit
890 1078 920 1112 ea
938 1059 988 1112 sibi
1007 1060 1118 1112 maxime
1137 1059 1218 1114 rideri

168 1133 303 1201 Socratiba
322 1147 457 1219 longeque
476 1145 623 1198 verissima:
644 1146 745 1217 quippe
764 1146 827 1217 qui,
847 1146 966 1217 quamvis
982 1146 1010 1199 in
1036 1149 1130 1200 ceteris
1147 1146 1218 1200 Aca-

168 1235 272 1289 demiae
293 1236 382 1306 potius
405 1233 538 1287 rationem
562 1243 733 1303 sequeretur,
766 1233 793 1286 in
818 1234 914 1288 morali
939 1232 1119 1305 philosophiae
1143 1244 1219 1304 parte

168 1323 280 1394 propius
307 1322 340 1375 ad
366 1321 520 1375 Stoicorum
539 1320 702 1373 sententiam
725 1339 753 1373 se
777 1319 938 1391 applicaret,
963 1322 1004 1374 ab·
1021 1320 1218 1391 Epicureorum

145 1477 152 1489 .
168 1422 258 1463 autem
274 1408 427 1481 disciplina,
446 1408 533 1480 qualis
547 1407 655 1479 quidem
675 1427 705 1460 ea
720 1418 874 1479 tempestate
885 1408 974 1462 multis
991 1407 1120 1480 placebat,
1137 1409 1218 1479 longe

168 1498 284 1562 abesset,
302 1497 335 1549 ah
354 1516 438 1567 eaque
456 1495 640 1567 amplectenda
659 1495 825 1550 abhorreret.
866 1496 1005 1550 insolitum
1024 1496 1105 1567 igitur
1123 1497 1219 1550 verho-

169 1602 232 1638 rum
250 1603 327 1638 usum
346 1583 373 1635 in
391 1583 442 1637 boc
459 1582 549 1636 libello
567 1601 582 1635 a
601 1581 697 1636 Stoicis
717 1596 853 1639 mutuatus
871 1595 924 1641 est:
942 1585 1107 1650 sententiam,
1125 1585 1146 1637 si
1159 1586 1218 1655 quis

169 1683 242 1724 recte
261 1669 430 1742 intelligeret,
448 1672 646 1726 demonstrabat
662 1690 677 1723 a
696 1670 814 1725 Socratis
831 1672 979 1742 praeceptis
997 1671 1061 1726 nibil
1072 1671 1217 1730 admodum

170 1756 287 1812 differre.
331 1759 444 1814 Videbat
464 1760 504 1812 sui
530 1758 657 1829 temporis
682 1758 803 1813 homines
819 1759 853 1812 ad
872 1760 932 1813 sitia
950 1775 1004 1812 esse
1022 1758 1134 1812 maxime
1152 1780 1217 1830 pro-

168 1865 278 1916 pensos,
309 1848 380 1918 quod
406 1847 485 1900 nimis
512 1847 603 1918 cupidi
632 1859 717 1901 essent
736 1848 872 1902 bonorum
891 1846 1011 1917 corporis
1035 1858 1061 1899 et
1084 1845 1216 1901 fortunae.

168 1934 282 1987 Videbat
296 1934 333 1987 rei
353 1935 476 2007 publicae
495 1955 620 2006 proceres
637 1936 752 2007 pessimo
772 1934 893 2007 exemplo
910 1935 1015 2007 praeire
1034 1924 1217 2007 civibus,pro

168 2023 236 2076 reris
255 2023 333 2076 honis
356 2034 383 2077 et
408 2023 585 2077 laudabilibus
608 2043 639 2076 ea
661 2034 807 2091 sectantes,
833 2043 918 2096 quae,
941 2034 971 2077 ut
992 2033 1056 2076 sunt
1078 2022 1216 2093 splendida

168 2122 291 2182 aspectu,
309 2111 375 2164 itaa
394 2111 491 2164 merito
512 2111 662 2182 expetendis
680 2113 801 2165 animum
819 2123 930 2166 avocant
940 2112 972 2181 ⁸).
1011 2110 1078 2162 Earn
1098 2110 1132 2163 ob
1152 2129 1218 2163 cau-

168 2220 223 2253 sam
242 2200 270 2252 in
288 2217 335 2251 eos
350 2218 451 2269 suaque
470 2210 590 2271 tempora
609 2200 750 2254 invehitur.
795 2198 886 2267 Quam
911 2199 940 2251 in
964 2198 1084 2269 proxima
1103 2208 1219 2251 annota-

169 2289 242 2341 tione
259 2289 367 2359 exposui
383 2287 511 2340 Handii
529 2287 687 2341 sententiam
712 2290 745 2340 de
764 2285 903 2342 Ciceronis
927 2284 1053 2350 consilio,
1079 2304 1109 2336 ea
1131 2304 1222 2355 argu..

170 2387 285 2429 mentum
304 2394 414 2447 quoque
433 2377 533 2447 tangit,
558 2395 638 2447 quam
658 2386 786 2448 quartam
814 2373 1001 2445 disputationis
1023 2382 1128 2426 nostrae
1154 2391 1216 2441 par·

169 2474 222 2517 tem
241 2457 299 2517 sdre
318 2461 438 2520 diximus.
484 2461 568 2531 Quod
593 2483 677 2536 quum
699 2474 813 2534 reputo,
840 2460 884 2514 illa
910 2459 974 2514 mihi
1000 2459 1129 2513 renuntia
1156 2478 1216 2513 rera

169 2551 316 2620 riderifi'non
337 2562 438 2622 potest,
456 2550 508 2602 nisi
526 2552 673 2606 existimare
690 2551 762 2617 velis,
781 2550 941 2604 Ciceronem
959 2548 1047 2620 ipsum
1060 2565 1150 2600 secum
1162 2548 1217 2601 dis·

168 2637 281 2702 sentire,
309 2637 348 2689 rel
373 2637 433 2691 sicta
458 2638 579 2691 oratione
603 2639 678 2710 quasi
703 2638 816 2691 illudere
843 2637 889 2703 iis,
915 2637 961 2709 qui
984 2634 1105 2688 libellum
1130 2650 1217 2691 essent

168 2727 272 2781 lecturi.
308 2726 363 2795 Qui
383 2726 455 2780 enim
473 2727 500 2779 id
522 2740 627 2781 tantum
644 2727 693 2781 sibi
712 2727 868 2797 proposuit,
886 2737 915 2779 ut
933 2734 1094 2778 monstraret
1109 2722 1215 2792 Stoicis,

169 2834 222 2886 qua
242 2815 344 2867 ratione
364 2814 465 2885 populo
484 2816 572 2880 etiam,
592 2834 661 2885 quae
679 2834 694 2868 a
715 2814 850 2886 plerisque
860 2813 1035 2868 irriderentur
1053 2823 1083 2865 ut
1091 2813 1215 2878 absurda,

169 2913 276 2973 possent
292 2901 349 2954 beri
368 2902 517 2974 probabilia
535 2903 655 2975 vitaeque
674 2902 762 2966 utilia,
789 2902 845 2972 ipse
864 2901 1004 2953 tamenab
1023 2899 1054 2952 iis
1070 2900 1217 2970 probandis

170 2987 314 3040 admodum
332 2988 491 3042 abhorrens:
511 3010 565 3063 quo
585 2991 681 3056 modo,
701 3009 817 3063 quaeso,
837 2989 858 3041 is
876 3008 905 3041 ex
923 2987 1006 3041 animi
1023 2987 1063 3040 sui
1087 2991 1215 3044 sententia

169 3073 204 3145 (l,
223 3078 248 3127 1.
266 3074 334 3144 pre.)
350 3078 466 3130 scribere
485 3080 585 3149 potuit:
608 3082 713 3145 Vereor,
731 3097 764 3131 ne
777 3078 822 3131 cui
832 3106 873 3131 -,
885 3097 949 3130 non
966 3095 1006 3127 ex
1024 3094 1093 3127 meo
1110 3096 1213 3129 sensu

169 3164 325 3232 depromptu
343 3166 467 3216 videntur
486 3166 552 3219 haec
578 3168 681 3218 oratio:
708 3167 818 3216 dicam
842 3175 950 3229 tarsen,
978 3164 1070 3234 quod
1091 3164 1214 3229 sentio,

167 3376 240 3502 logq.
259 3381 337 3433 1826.
355 3379 374 3431 l.
392 3385 425 3447 2,
444 3381 490 3452 qui
510 3378 599 3434 laudat
617 3381 695 3433 etiam
715 3380 902 3432 Heumann.
922 3375 992 3428 Acri.
1011 3372 1114 3428 Philoll.
1128 3377 1214 3435 TJlt.

169 3469 195 3518 p.
232 3453 268 3502 94
285 3470 343 3522 sqq.
373 3451 469 3522 ‘Prope
488 3453 591 3505 accedit
609 3452 781 3505 Baebrius
798 3451 815 3503 l.
827 3469 849 3503 c.
871 3447 982 3520 quinon
1002 3457 1056 3499 tam
1075 3449 1214 3505 erudiendi

168 3519 274 3573 lectoris
292 3540 370 3574 causa
390 3523 427 3575 ait
444 3524 576 3593 scripsisse
595 3522 769 3587 Ciceronem,
789 3540 869 3593 quam
889 3530 960 3571 certa
981 3518 1070 3589 aliqua
1090 3522 1215 3592 propria·

169 3611 221 3661 que
238 3611 317 3645 causa
337 3604 456 3659 motum,
477 3614 557 3665 quam
576 3614 606 3646 ex
624 3606 783 3666 argumento
801 3590 929 3662 suspicari
949 3589 1034 3642 liceat.

237 3663 262 3730 ⁸)
279 3663 436 3717 Handius
454 3664 506 3717 l.c.
526 3667 654 3720 existimat
671 3663 830 3718 rhetoricam
851 3663 919 3715 hanc
938 3659 1059 3711 locorum
1078 3679 1108 3710 ex
1128 3659 1215 3729 pbilo-
1276 3684 1283 3694 .

168 3731 259 3802 sophia
278 3735 478 3787 exornationem
497 3736 664 3793 aCicerone
682 3738 808 3806 scriptam
828 3753 892 3798 esse,
911 3750 975 3796 non,
995 3730 1067 3800 quod
1087 3751 1131 3783 eos
1149 3751 1215 3802 pro·

167 3803 249 3868 haret,
269 3805 313 3856 sed
334 3817 364 3857 ut
383 3804 590 3876 reprehenderet
608 3808 667 3859 vitia
687 3807 811 3872 aliorum,
829 3805 868 3857 sui
889 3801 1016 3871 temporis
1030 3819 1116 3852 mores
1135 3805 1214 3856 casti·
1270 3860 1272 3862 ,

166 3886 254 3942 garet,
275 3876 361 3927 Clodii
378 3878 545 3947 nequitiam,
563 3879 697 3930 avaritiam
718 3877 820 3939 Crassi,
847 3887 876 3927 ut
893 3872 1069 3942 improbitatis
1087 3874 1213 3942 exempla,

165 3944 341 4011 describeret,
359 3947 394 4000 ita
414 3960 517 4014 tamen,
543 3960 645 4000 utnon
666 3961 717 4000 tam
737 3947 839 4018 pbiloso
861 3945 885 3996 hi
904 3954 992 4013 partes
1010 3954 1113 4012 ageret,
1131 3963 1213 4014 quam

164 4016 287 4082 oratoris,
314 4030 472 4089 argumenta
499 4019 622 4085 afferret,
649 4038 718 4091 quae
745 4038 799 4070 non
818 3966 858 4068 ad
870 4015 1001 4066 rationem
1026 4025 1053 4066 et
1078 4014 1212 4066 veritatem

165 4085 277 4139 lectores
294 4089 501 4153 convincerent,
530 4091 630 4161 quippe
678 4108 772 4142 uarum
798 4086 977 4139 infirmitatem
1003 4084 1061 4136 aliis
1083 4084 1147 4135 locis
1164 4083 1214 4136 de-

163 4160 375 4224 monstravisset,
392 4160 466 4226 (Fin.
482 4158 528 4224 lV,
541 4164 584 4224 te,
602 4166 645 4214 bt.
658 4110 708 4225 lli,
726 4160 786 4226 to.)
803 4158 931 4211 nimirum
949 4154 1046 4208 Stoicis
1062 4152 1213 4221 exemplum

163 4229 294 4299 probandi
314 4228 477 4282 exhibiturus
495 4250 599 4297 eorum,
619 4251 688 4301 qnae
704 4232 762 4301 ipse
773 4229 893 4283 exanimi
907 4225 1035 4278 sententia
1050 4222 1212 4293 reprobaret.

895 4341 913 4383 0
