3059 4925
517 460 714 506 eantnnxeu
738 461 785 505 ur.
813 462 882 506 ean.
900 462 933 507 u.
1180 442 1251 511 115

188 589 281 711 v(ataid
295 630 445 696 homiues
460 629 640 710 doctissimi
657 631 842 693 senserint?
866 631 1059 710 praesertim
1073 648 1175 712 quum
1190 634 1252 697 hae

193 764 363 840 ,sententia
389 782 457 830 nen
482 764 585 830 modo
611 765 731 838 vertor,
757 765 817 828 sed
842 783 884 828 ne
907 765 1018 829 utilior
1035 767 1172 846 vquidem
1190 770 1252 831 ho·
1379 823 1387 838 ‚

203 902 329 966 minum
356 901 441 965 vitae
468 901 606 983 reperiri
632 900 700 963 ulia
721 901 835 980 possit.
887 899 981 979 Quae
1007 901 1055 965 vis
1080 905 1131 965 est
1155 905 1254 980 enim,

207 1055 290 1118 quae
324 1038 429 1118 magis
470 1010 583 1100 arceat
619 1037 770 1101 homines
813 1038 857 1100 ab
901 1037 1110 1117 improbitate
1152 1041 1252 1116 omui,
1385 1059 1389 1076 ι

206 1190 303 1254 quam
331 1175 360 1237 si
385 1174 562 1251 senserint,
596 1174 722 1237 nultum
754 1176 790 1237 in
816 1174 940 1238 detietis
967 1189 1038 1237 esse
1061 1172 1253 1240 discrimen:

207 1327 312 1390 aeque
336 1326 477 1391 peceare
497 1327 551 1385 se,
575 1310 604 1373 si
629 1312 782 1390 privatis,
805 1328 845 1374 ae
870 1311 896 1374 si
921 1309 1163 1389 mmistratihus
1179 1328 1254 1374 ma·

206 1461 267 1509 nus
294 1444 460 1508 adierant:
495 1459 723 1526 quameunque
764 1446 798 1507 in
825 1434 960 1510 domum
993 1450 1141 1527 stuprum
1167 1448 1254 1511 intu-

207 1581 319 1656 lerint,
343 1579 481 1644 eandem
508 1591 579 1642 esse
604 1579 714 1644 labem
741 1579 909 1645 libidinis?
963 1575 1114 1644 Nihilne
1141 1579 1255 1670 igitur

210 1713 362 1779 interest
387 1709 473 1800 (uam
499 1716 564 1779 hee
589 1714 675 1779 dieet
696 1712 824 1804 aliquis)
847 1725 999 1804 patrem
1025 1714 1107 1802 quis
1132 1730 1255 1781 enecet

36 1845 40 1850 ’
209 1872 260 1914 (ιιι
286 1843 459 1915 servum?
509 1850 604 1916 Nuda
637 1853 701 1915 ista
736 1853 764 1916 si
801 1870 923 1933 ροηδε,
955 1852 1110 1928 iudicari,
1146 1855 1256 1934 qualia

209 1989 289 2064 sint,
315 2004 385 2052 nen
407 1987 505 2051 tacite
529 1992 677 2069 possunt
734 1989 865 2053 Patrem
892 1990 959 2053 vita
984 1990 1175 2069 privaresi
1198 2001 1273 2070 [ter⁴

5 2148 7 2155 >
109 2157 114 2164 ·
210 2142 245 2187 se
278 2123 385 2187 scetus
416 2127 481 2197 est3
517 2121 708 2203 Saguntini,
744 2127 799 2206 qui
836 2132 987 2207 parentes
1021 2141 1099 2187 sues
1134 2124 1256 2188 liberos

211 2261 332 2336 emori,
356 2277 454 2340 quam
480 2278 593 2324 servos
619 2261 731 2325 vivere
757 2263 952 2337 maluerunt,
979 2261 1162 2342 parricidae
1183 2262 1257 2325 fue·

210 2401 294 2459 runt.
353 2396 441 2478 Ergo
470 2402 502 2460 et
535 2397 662 2479 parenti
687 2414 935 2479 nonnumquam
962 2398 1062 2459 adimi
1096 2400 1162 2459 vita
1188 2398 1257 2459 sine

210 2535 333 2598 sceiere
357 2536 480 2615 petest:
507 2536 539 2596 et
564 2551 661 2598 serve
681 2550 781 2616 saepe
804 2536 875 2597 sine
901 2534 1020 2597 iniuria
1046 2549 1114 2594 non
1141 2535 1257 2611 potest.

213 2667 319 2734 Causa
344 2638 451 2748 igitur
467 2668 566 2745 haee,
601 2687 668 2734 non
701 2636 1027 2751 naturadistinguit:
1064 2643 1148 2750 uuae
1183 2674 1258 2732 utre

213 2806 365 2879 accessit,
400 2804 432 2867 id
474 2806 508 2868 fit
539 2808 751 2886 {tranensium
795 2810 838 2869 si·
857 2813 997 2886 utreque
1023 2805 1175 2867 adiuncta
1201 2809 1258 2879 est,
1288 2812 1306 2853 ἰ

214 2941 307 3020 paria
332 2940 426 3018 fiant,
452 2958 586 3005 neeesse
613 2948 669 3007 est.
731 2943 815 3011 ltlud
843 2947 953 3007 tamen
979 2943 1131 3016 interest,
1170 2941 1260 3019 quod

212 3076 245 3136 in
275 3092 371 3167 servo
398 3077 567 3152 necando,
611 3079 637 3140 si
663 3078 697 3140 id
722 3078 757 3141 tit
780 3079 917 3153 iniuria,
957 3075 1059 3138 semei
1087 3077 1259 3156 peceatum

213 3213 246 3274 in
275 3213 375 3293 patris
400 3177 468 3276 vita
492 3213 646 3279 violanda
673 3214 776 3276 multa
803 3216 988 3292 peccantur.
1047 3178 1196 3271 Viotatur
1223 3208 1260 3282 ie,

216 3348 270 3427 qui
298 3347 500 3427 procreavit;
528 3348 571 3424 is,
600 3347 655 3427 qui
682 3347 780 3420 aluit;
806 3348 852 3424 is,
880 3346 934 3426 qui
957 3342 1113 3415 erudivit;
1141 3343 1177 3416 is,
1206 3342 1260 3420 qui

215 3483 248 3544 in
287 3481 365 3544 sede
395 3500 434 3547 ae
474 3482 593 3559 dome,
631 3486 728 3563 atque
767 3483 800 3544 in
837 3501 873 3544 re
908 3481 1040 3561 publiea
1077 3478 1261 3541 collocavit.

216 3616 422 3680 Multitudine
445 3621 654 3699 peecatorum
683 3621 845 3699 praestat,
871 3633 977 3696 eoque
1002 3631 1110 3696 poena
1135 3599 1261 3678 maiore

216 3752 332 3832 dignus
353 3758 411 3816 est.
463 3752 528 3817 Sed
557 3772 618 3818 nes
644 3755 678 3816 in
705 3754 789 3829 vita,
822 3770 889 3816 non
917 3768 1002 3832 quae
1027 3750 1147 3830 cuique
1183 3768 1262 3829 pen·
1347 3798 1349 3800 v

218 3892 290 3950 rato
319 3905 427 3968 poena
452 3887 508 3965 sit,
542 3888 600 3952 sed
628 3895 786 3970 quantum
817 3890 934 3987 cuique
969 3887 1082 3963 liceat,
1115 3882 1263 3971 speetare

218 4020 392 4085 debemus:
418 4023 573 4103 quiequid
600 4041 667 4087 non
695 4029 842 4104 eportet,
869 4024 975 4086 scetus
1001 4039 1088 4085 esse:
1109 4017 1264 4099 quiequid

217 4171 285 4217 nen
310 4156 401 4232 lieet,
425 4156 519 4221 nefas
545 4164 658 4238 putare
685 4160 852 4229 debemus,
904 4158 1054 4223 Etiamne
1075 4157 1108 4216 in
1121 4150 1265 4212 minimis
1288 4196 1291 4201 ,

866 4301 979 4370 ἠδ,
