3059 4925
528 485 726 533 rtusuoxou
750 486 792 531 vr.
822 486 891 533 usu.
915 486 937 532 r.
1071 481 1077 496 ⁸
1179 463 1253 539 285

199 649 288 704 Deiot.
307 652 337 701 8:
366 648 479 699 maiores
498 646 587 713 copias
613 645 684 700 olere
707 652 817 712 poterat
834 643 1016 713 (Deiotarus):
1043 664 1114 699 nuno
1139 649 1253 719 exiguos

200 738 245 787 nix
263 737 359 789 tueri
374 744 473 805 potest.
519 731 601 804 Quod
620 750 682 783 vero
700 731 765 784 dicit
794 730 890 785 Cicero
908 750 967 784 sex
985 732 1113 804 legiones,
1141 736 1252 789 totidem

201 824 352 895 legionibus
382 841 414 875 εο
433 833 555 892 tempore
580 820 678 873 iustum
701 820 843 872 exercitum
869 819 1015 873 constitisse
1032 831 1123 874 mouet
1141 821 1254 877 Fsccio-

201 911 276 965 lstus.
320 911 469 985 Numerum
496 909 570 979 (sex)
598 907 696 962 omittit
721 906 790 962 Cod.
820 906 871 963 Os.
894 925 924 969 ψ.
961 906 1027 962 eod.
1057 906 1127 961 Gud.
1147 912 1179 962 A.
1205 911 1254 964 ho-

199 999 246 1053 bet
268 1001 333 1051 VII.
369 996 430 1051 Mr.

271 1088 336 1135 Sex
356 1084 485 1154 legiones]
522 1079 590 1147 „Sic
609 1101 703 1136 omnes
721 1085 782 1137 mei.
819 1082 878 1135 Diri
896 1082 942 1136 lib.
953 1083 972 1137 Ι.
1010 1083 1091 1138 Otfic.
1114 1085 1253 1152 [nimirum

201 1172 229 1222 iu
250 1169 450 1223 Commentario
468 1169 501 1222 sd
521 1168 578 1223 Cic.
597 1171 631 1223 de
650 1169 708 1224 Oli.
727 1170 747 1237 l,
767 1174 793 1224 8.
813 1190 839 1242 p.
859 1172 903 1223 31.
929 1170 970 1224 ed.
988 1169 1097 1240 Graes]
1123 1185 1254 1245 quattuor

202 1258 337 1329 legiones,
358 1275 413 1310 non
431 1276 493 1320 sex,
521 1257 600 1310 luisse
620 1259 772 1313 'exercitum
791 1259 822 1312 Ρ.
840 1258 872 1311 R.
896 1269 922 1311 et
944 1259 980 1311 its
1008 1270 1074 1330 puto
1100 1259 1253 1331 legendum.

204 1344 290 1396 Fluxit
308 1362 386 1395 error
403 1362 417 1395 e
436 1342 623 1410 similitudine,
647 1365 715 1417 quse
735 1357 774 1399 est
790 1345 861 1399 inter
878 1346 925 1399 lV.
944 1356 970 1400 et
989 1346 1052 1400 Vl.“
1071 1345 1144 1400 ΑΜ.
1163 1348 1252 1405 Man.

201 1429 343 1483 Neminem
363 1431 555 1506 obsequentem
581 1430 671 1485 babuit
689 1432 788 1498 Aldus,
817 1452 921 1505 neque,
947 1444 977 1487 ut
1000 1434 1036 1488 ait
1053 1434 1169 1504 Gernb.,
1194 1437 1253 1490 eui·

206 1535 287 1588 quam
308 1517 446 1587 persuasit,
466 1536 528 1569 eum
548 1537 692 1572 numerum
711 1519 849 1591 legionum
869 1521 912 1576 bic
929 1522 1099 1578 retinendum
1118 1544 1187 1592 esse,
1207 1528 1253 1596 qui

200 1613 262 1656 ante
280 1602 382 1655 bellum
400 1603 534 1657 Punicum
560 1606 708 1659 secundum
735 1607 818 1661 iustus
842 1607 908 1674 luit,
936 1609 980 1661 sed
1008 1611 1061 1666 sl.
1088 1616 1201 1667 Caesare
1219 1615 1252 1667 ad

200 1692 292 1745 decem
311 1702 412 1745 auctus.
448 1691 509 1747 ΜΓ.

271 1791 299 1831 et
317 1798 417 1850 magno
435 1780 557 1851 equitum
576 1779 744 1850 (inpeditum
762 1780 870 1833 auxilia
887 1782 992 1851 possis]
1039 1783 1105 1836 cod.
1130 1783 1201 1837 Gud.
1220 1787 1254 1838 A.

200 1878 236 1918 at
257 1885 366 1938 magna.
402 1867 487 1920 Codd.
508 1866 588 1920 Drsd.
607 1871 632 1921 l.
654 1871 680 1922 3.
699 1872 724 1922 5.
748 1879 784 1936 εί
799 1868 931 1939 peditum·
968 1872 1025 1923 Vos
1050 1872 1156 1923 auxilio
1181 1872 1253 1928 deest

203 1958 231 2008 in
251 1954 302 2008 Ox.
320 1971 350 2016 ψ.
389 1954 430 2005 Ad
450 1955 608 2009 sententiam
632 1955 684 2010 loci
705 1957 871 2011 mouendum
899 1968 949 2023 est,
976 1958 1054 2011 etism
1070 1958 1252 2014 ,Franciscum

203 2043 323 2114 Sylvium
342 2041 474 2095 dubitasse
493 2043 526 2095 de
545 2044 652 2097 veritate
676 2044 798 2097 lectionis
815 2063 874 2096 sex
893 2045 1016 2115 legiones.
1065 2045 1137 2100 Dicit
1167 2046 1253 2100 enims

95 2153 98 2158 ·
204 2130 253 2198 „Si
271 2130 347 2183 locus
364 2130 519 2183 emendatus
538 2142 591 2196 est,
610 2131 741 2203 siguificat
761 2133 870 2197 Cicero,
888 2132 916 2185 in
935 2132 1058 2185 Romano
1077 2134 1191 2187 exercitu
1211 2155 1252 2189 ser
1327 2137 1339 2157 ⁸

202 2219 320 2290 legiones
338 2238 393 2272 esse
410 2217 507 2271 solitas.
548 2219 650 2271 Verum
675 2219 747 2289 apud
767 2219 870 2272 Livium
894 2238 973 2291 saepe
991 2220 1110 2273 invenire
1134 2220 1196 2275 licet
1213 2222 1253 2276 le-

156 2291 158 2295 *
202 2306 295 2379 gioues
319 2315 435 2377 quatuor
460 2305 540 2359 luisse
560 2306 588 2359 in
607 2306 722 2360 exercitu
740 2306 884 2363 consulari.
921 2308 1024 2379 [Pergit
1042 2308 1154 2363 laudans
1179 2303 1253 2363 locds

202 2395 265 2447 Livii
285 2413 299 2445 e
320 2392 389 2446 libro
409 2403 519 2454 octavo,
539 2393 609 2446 ΧΧΙ.
629 2405 655 2448 et
673 2394 759 2461 xxn,
790 2395 836 2468 qui
864 2413 926 2448 sero
955 2415 1010 2449 uon
1035 2396 1105 2449 inira
1131 2407 1251 2468 tempora

201 2482 263 2536 belli
281 2481 377 2535 Punici
404 2481 513 2535 secundi
544 2482 716 2537 descendunt.
763 2482 877 2536 Gravius
904 2495 957 2548 est,
985 2484 1057 2556 quod
1084 2504 1115 2537 ex
1138 2485 1250 2556 Vegetio

202 2572 319 2642 profert,
339 2570 457 2638 dicensz]
476 2568 595 2635 „Scribit
614 2570 739 2642 vegetius
757 2572 815 2644 [qui
831 2571 892 2625 vixit
908 2571 999 2625 seculo
1011 2592 1037 2642 p.
1049 2570 1081 2624 C.
1096 2591 1123 2625 n.
1143 2573 1250 2643 quarto]

201 2659 228 2710 in
247 2658 316 2711 libro
334 2655 466 2722 secundo,
488 2657 558 2726 [cap.
577 2661 604 2711 4.
623 2677 650 2728 p.
670 2661 713 2713 33.
732 2659 774 2712 ed.
792 2657 934 2713 stewechii
955 2671 981 2713 et
998 2659 1092 2713 Medii.
1118 2659 1202 2731 bugd.
1221 2661 1253 2712 Β.

202 2749 281 2800 16111.
298 2750 324 2799 4.
343 2765 369 2815 ρ.
385 2747 431 2799 33.
451 2744 492 2797 ed.
512 2745 583 2815 ssip.]
609 2765 637 2798 se
661 2748 691 2799 in
709 2747 829 2801 omnibus
848 2747 1005 2801 auctoribus
1022 2748 1168 2813 invenisse,
1194 2749 1251 2802 sin-

199 2826 277 2903 gulos
298 2831 422 2884 Consules
446 2831 576 2884 adversus
600 2832 691 2885 hostes
717 2834 908 2902 copiosissimos
936 2854 989 2886 non
1011 2836 1141 2903 amplius,
1170 2855 1251 2905 quam

201 2919 277 2971 binos
294 2920 423 2990 legiones,
441 2918 543 2970 additis
560 2918 672 2971 auxiliis
689 2921 821 2972 sociorum
840 2920 957 2977 duxisse.
994 2921 1108 2987 [Tanto,
1125 2921 1177 2992 (sic
1190 2942 1252 2992 per-

201 3007 239 3077 git
257 3005 395 3076 Vegetius)
422 3007 450 3057 in
472 3005 530 3056 illis
562 3016 624 3071 etot
653 3007 823 3072 exercitatio,
854 3017 936 3059 tanta
957 3007 1080 3075 fiducia,
1108 3020 1139 3059 nt
1166 3011 1251 3062 cuivis
1321 3072 1325 3081 μ

200 3092 273 3165 (Bip.
292 3092 393 3159 euicui)
412 3090 479 3143 bello
500 3092 569 3142 duae
586 3092 702 3164 legiones
719 3095 892 3147 crederentur
912 3113 991 3164 posse
1009 3095 1152 3162 sufficere]
1176 3093 1249 3148 Idem

203 3179 292 3250 paullo
312 3190 373 3232 ante
391 3178 484 3233 scribit
507 3180 576 3250 [cap.
595 3179 614 3233 l.
641 3200 667 3251 p.
686 3185 729 3236 31.
758 3180 797 3234 St.
818 3201 846 3252 p.
865 3183 909 3235 31.
935 3181 1008 3253 uin]
1034 3183 1139 3234 auxilio
1163 3202 1181 3233 o
1207 3203 1253 3234 so-

201 3268 250 3318 ciis
268 3265 311 3318 vel
322 3265 477 3335 foederatis
493 3265 620 3337 gentibus
638 3269 711 3319 mitti
726 3269 834 3323 solito.“
883 3268 937 3322 Sed
965 3272 1105 3325 manifesto
1129 3271 1162 3324 de
1181 3274 1251 3325 auti·

204 3354 335 3425 quissimis
355 3355 519 3425 temporibus
538 3353 656 3426 loquitur
675 3357 810 3426 Vegetius.
845 3356 904 3410 Mr-

272 3445 332 3492 Iom
344 3441 451 3510 fateris
468 3442 568 3513 igitur,
590 3463 641 3496 non
658 3462 715 3496 esse
734 3455 761 3496 ts
781 3445 916 3512 divitem]
947 3444 1012 3510 „Sic
1027 3445 1248 3517 quattuordecim.

200 3531 277 3583 Duo:
296 3529 351 3579 iam
363 3529 469 3599 fateris
487 3530 574 3600 igitur
592 3540 626 3580 te
644 3548 700 3583 esse
720 3551 785 3584 non
804 3533 922 3586 divitem.
958 3532 1048 3586 Unus:
1076 3533 1131 3584 iom
1144 3532 1250 3604 fateris

200 3618 286 3689 igitur
310 3635 375 3667 non
398 3634 472 3667 esse
498 3616 616 3670 divitem.
661 3617 754 3671 Unus:
778 3619 833 3669 iam
852 3619 958 3690 fateris
983 3638 1064 3690 ergo
1089 3638 1154 3670 non
1178 3639 1250 3674 esse

203 3704 336 3757 divitem.“
354 3703 428 3756 ΑΜ.
447 3703 536 3756 Man.
574 3702 641 3757 cod.
671 3705 765 3759 Duisb.
784 3709 845 3760 Iam
857 3705 963 3776 fateris
986 3724 1076 3776 ergo.
1114 3705 1249 3761 Omissum

192 3789 239 3846 ‘est
257 3802 284 3843 te
302 3791 330 3843 in
349 3789 400 3844 Ox.
415 3807 445 3852 ψ.
465 3791 582 3852 Drsd.4.
602 3804 628 3847 et
646 3793 717 3846 Gud.
734 3793 765 3846 Β.
803 3793 912 3865 Legitur
930 3804 963 3855 ts
981 3813 1034 3846 non
1051 3811 1123 3845 esse
1141 3795 1250 3847 divitem

201 3882 229 3934 in
250 3879 334 3932 codd.
352 3877 425 3931 Gud.
443 3878 476 3930 A.
496 3877 618 3943 Suerin.;
643 3891 676 3931 te
694 3881 840 3933 divitem
864 3900 916 3933 non
941 3881 1043 3932 esseio
1062 3881 1127 3934 Cod.
1147 3883 1205 3936 Cre.
1226 3886 1249 3934 1.

90 4032 95 4041 v
201 3969 271 4021 Tum
289 3967 369 4021 Drsd.
387 3971 412 4020 4.
431 3966 476 4017 cui
493 3966 611 4018 tontis
630 3967 716 4028 desit,·
740 3966 831 4021 Grnl.
850 3973 875 4021 2.
894 3987 986 4021 rursus
1004 3966 1084 4022 babet
1101 3975 1156 4033 nn,
1176 3968 1247 4039 quod

201 4075 365 4127 quamquam
379 4054 545 4126 aplerumque
564 4054 694 4126 significat
713 4066 817 4121 tumen,
841 4053 924 4109 nihilo
943 4055 1031 4108 minus
1048 4054 1191 4125 legendum
1210 4055 1248 4104 vi-

201 4145 279 4197 detur
299 4153 414 4194 tontum.
459 4140 516 4196 Crzss
536 4149 604 4210 bet
628 4143 677 4197 Ox.
696 4144 726 4197 E.
745 4154 778 4196 ut
795 4144 998 4213 nonexpleos:
1024 4142 1097 4214 quod
1121 4150 1159 4192 est
1186 4159 1249 4193 cor·

129 4295 134 4306 1
201 4229 311 4282 rectoris
330 4246 425 4299 parum
455 4228 536 4282 latini.
574 4229 627 4283 Sed
655 4231 736 4285 alters
764 4250 858 4285 manus
881 4231 909 4283 iu
938 4229 997 4283 Crz.
1015 4234 1041 4281 1.
1068 4247 1120 4279 non
1145 4225 1247 4281 delevit.
