3059 4925
417 555 422 564 Ι
500 481 696 532 ιιιιιιιοιοιι
718 481 762 529 ιι.
797 481 867 530 cer.
886 484 922 529 ιι.
1170 458 1243 563 363

195 644 303 698 tentia.⁴‘
339 643 421 697 Recte
440 651 528 696 autern
549 641 651 696 Gernb.
686 641 716 695 ln
734 639 793 707 hac,
812 639 913 711 inquit,
933 639 1033 694 virtutis
1051 659 1113 695 cum
1132 644 1246 714 pecunia

196 730 396 801 comparatione
415 729 480 784 baec
498 749 547 782 vox
566 749 622 783 non
641 728 816 783 est‘molesta.
851 725 911 778 Mr.

264 828 358 869 utrum
382 833 479 870 aarum
506 813 658 869 Samnitum
666 818 686 883 .]
719 814 761 867 Ad
791 832 848 866 rem
873 814 961 884 wytt.
986 813 1014 865 in
1043 814 1138 869 sobolis
1165 816 1245 870 baec:

194 905 274 972 „Fuit
291 904 475 957 Romanorum
500 905 624 957 adversus
646 903 780 956 Samnites
806 899 905 954 bellurn
931 900 1101 968 diuturnum,
1130 903 1186 956 sere
1211 905 1245 958 ad
1278 941 1282 951 .

194 994 327 1062 octoginta
355 1009 456 1059 annos,
484 991 558 1063 qnod
582 1009 660 1061 saepe
690 1007 790 1059 magno
816 1006 878 1041 eum
907 987 1093 1041 Romanorum
1120 990 1241 1059 periculo

194 1091 298 1148 gestum
317 1083 384 1133 est.“
421 1079 508 1133 Exstat
525 1092 613 1132 autem
632 1078 700 1130 liber
717 1076 737 1131 l.
753 1075 787 1128 G.
807 1072 1044 1141 Zinleisenii,
1071 1078 1117 1149 qui
1142 1078 1238 1132 inscri-

194 1166 265 1219 bitur
283 1167 440 1221 Samnitica.
476 1164 632 1219 Dissertatio
649 1163 782 1218 historica.
818 1162 922 1233 Lipsiae
938 1182 980 1235 ap.
996 1164 1087 1220 Bartb.
1102 1169 1183 1221 1661.
1199 1169 1243 1221 38.
1294 1211 1300 1221 .

195 1275 240 1327 pp.
258 1259 285 1307 4.
304 1281 339 1294 -
374 1252 507 1308 scribitur
524 1255 677 1305 Samnitum
694 1270 732 1304 an
749 1252 944 1304 Samnitum
970 1252 998 1306 in
1019 1253 1243 1319 eod.nrsd.1.;

195 1360 245 1413 pro
262 1341 414 1392 Samnitum
440 1341 563 1395 exhibent
580 1341 742 1396 Samnitium
758 1339 826 1393 Edd.
846 1338 941 1393 bamb·
957 1339 1041 1394 Sulir.
1055 1342 1128 1398 Petr.
1147 1341 1244 1398 Calon.

193 1429 235 1481 De
252 1414 368 1482 Genitiri
385 1428 463 1481 buius
481 1429 568 1481 forma
587 1428 618 1482 C.
636 1429 665 1481 L.
684 1427 865 1483 Schneiderus
881 1429 910 1481 in
928 1426 1050 1483 Gramm.
1069 1430 1246 1500 1..ι.(Λω-

192 1515 272 1568 liibrl.
291 1513 412 1567 Gramm.
433 1515 459 1568 d.
476 1515 533 1569 Lat.
546 1515 608 1587 Spr.
629 1516 660 1570 lt.
676 1520 703 1581 1,
723 1520 748 1570 1.
767 1515 986 1586 (Formenlehre)
1004 1521 1093 1589 pm
1111 1538 1150 1591 sq.
1167 1535 1244 1572 nuuc

194 1603 302 1676 quidem
321 1602 408 1657 adbuc
427 1602 456 1655 in
474 1602 583 1673 optimis
600 1601 668 1655 Edd.
688 1600 770 1670 [addo
788 1602 817 1654 in
830 1602 1059 1672 Gaddomuibus]
1079 1616 1171 1658 nostro
1182 1605 1245 1659 loeo

194 1692 244 1762 legi
265 1689 329 1744 dicit
346 1690 514 1755 Samnitum,
532 1689 650 1761 itemque
668 1687 740 1760 apud
759 1688 820 1740 vat.
840 1688 910 1742 Max.
930 1689 950 1756 Ι,
971 1694 997 1758 6,
1015 1694 1043 1746 1.
1060 1690 1155 1744 Senec.
1169 1693 1244 1745 Con-

192 1779 238 1832 sol.
256 1778 288 1830 ad
308 1777 381 1830 Heli.
399 1780 444 1830 10.
460 1777 529 1831 Plin.
548 1777 579 1831 N.
597 1776 629 1831 li.
649 1780 694 1843 83,
714 1780 739 1829 2.
759 1786 841 1841 estr.;
870 1787 945 1831 recte
972 1787 1063 1831 tamen
1091 1777 1154 1831 alibi
1171 1778 1243 1849 apud

191 1865 309 1918 Plinium
326 1874 352 1917 et
366 1865 477 1917 fortasse
487 1864 566 1918 etiam
581 1863 652 1936 apud
667 1863 827 1919 Ciceronem
836 1864 916 1919 scribi
925 1864 1094 1930 Samnitium,
1111 1875 1141 1920 ut
1150 1866 1246 1919 scribi·

193 1964 237 2005 tur
247 1952 409 2021 Quiritium,
428 1971 490 2006 cum
502 1954 596 2022 Quiris
604 1963 630 2006 et
642 1954 748 2006 Samnis
758 1964 830 2007 ortas
844 1952 959 2006 babeant
972 1952 1132 2008 Nominativi
1145 1955 1246 2010 formas

193 2041 334 2111 aQuiritis
344 2050 370 2093 et
378 2041 508 2091 Samnitis
523 2041 586 2109 (vid.
604 2041 667 2094 ibid.
685 2061 728 2113 ap.
744 2039 940 2095 Schneiderum
959 2061 986 2112 p.
998 2039 1083 2108 176),
1101 2042 1149 2114 qui
1169 2053 1245 2096 erant

193 2128 368 2192 Nominativi3
385 2128 501 2199 optimos
519 2138 607 2181 tamen
620 2128 808 2182 l.irii·codices
826 2128 956 2195 exhibere,
974 2136 1004 2181 ut
1016 2129 1165 2198 Quiritium
1173 2128 1242 2197 (biv.

193 2217 224 2283 ll,
244 2221 289 2282 23,
307 2220 333 2270 8.
351 2216 417 2286 ibiq.
443 2213 594 2283 Drakenb.)
617 2215 656 2269 sic
672 2215 847 2268 Samnitium:
875 2214 929 2270 Lis.
947 2214 1040 2280 xxltt,
1060 2218 1103 2281 11,
1123 2218 1167 2268 11.
1189 2216 1244 2270 ibi-

194 2305 309 2376 demque
334 2300 432 2369 Drab,
466 2302 584 2374 itemque
613 2301 802 2372 inscriptiones
830 2310 938 2357 veteres.
991 2302 1052 2356 Vid.
1078 2302 1174 2356 Orellii
1200 2304 1245 2355 ln-

193 2393 292 2465 soriptt.
307 2392 374 2444 Lau.
385 2389 405 2443 l.
427 2393 527 2460 plssb.
546 2390 593 2444 Nr.
604 2393 666 2444 546.
702 2389 774 2443 add.
788 2390 914 2443 Arntzeu.
933 2388 967 2441 ad
985 2389 1044 2443 Sex.
1064 2389 1156 2444 Aurel.
1174 2391 1244 2447 Vict.

192 2481 225 2533 de
244 2479 319 2532 Viris
334 2477 429 2533 illustr.
446 2481 490 2544 13,
507 2482 534 2532 ’1.
553 2497 579 2550 p.
597 2478 693 2533 1511).
728 2477 844 2530 Torren.
863 2477 897 2530 ad
916 2477 1005 2531 Valer.
1029 2478 1098 2532 Mau.
1110 2478 1157 2546 lV,
1170 2482 1197 2545 3,
1215 2483 1241 2534 t.

193 2587 219 2637 p.
237 2568 299 2620 364.
317 2563 411 2618 Vellei.
429 2565 533 2619 Patere.
549 2564 582 2630 ll,
604 2568 652 2630 16,
671 2575 749 2630 estu,
774 2562 952 2637 Oudendorp.
972 2564 1006 2617 ad
1022 2564 1045 2616 F
1046 2565 1145 2620 rontiu.
1165 2565 1241 2619 Stra·

192 2665 243 2725 teg.
263 2654 283 2719 l,
302 2656 327 2717 8,
346 2656 371 2707 3.
392 2673 418 2724 p.
437 2655 498 2707 tot.
547 2652 616 2718 Nos,
641 2663 672 2707 ut
690 2663 782 2706 nostro
807 2652 868 2705 loco
893 2672 923 2705 ex
942 2653 1068 2707 omnibus
1085 2653 1159 2708 libris
1176 2673 1238 2709 cum

192 2741 242 2797 Or.
259 2742 379 2794 dedimus
396 2741 562 2804 Samnitum,
579 2741 615 2794 ita
634 2759 696 2795 cum
716 2736 811 2793 eodem
830 2739 863 2793 de
882 2740 941 2794 Dis.
957 2740 978 2807 l,
997 2744 1043 2809 33,
1060 2745 1114 2807 tt,
1134 2762 1160 2813 p.
1175 2744 1236 2797 169.

193 2831 315 2884 editionis
331 2840 453 2895 nostrae,
481 2849 510 2881 ex
535 2828 657 2898 plurimis
672 2828 757 2899 iisque
776 2828 883 2899 optimis
901 2829 1068 2895 Samnitum,
1093 2847 1156 2883 cum
1178 2829 1236 2883 lieri

194 2919 289 2990 possit,
308 2929 337 2971 ut
354 2919 411 2990 ipse
430 2915 526 2970 Cicero
545 2916 594 2968 sibi
612 2933 668 2968 non
688 2913 768 2985 plane
788 2925 934 2980 constaret,
953 2925 983 2968 ut
1000 2914 1101 2968 sactum
1119 2933 1175 2967 esse
1188 2915 1241 2969 sci·

192 3026 252 3059 mus
269 3007 297 3058 in
316 3005 426 3058 nomine
443 3004 642 3069 Phliasiorum,
662 3001 695 3055 de
713 3002 780 3072 Rep.
799 3002 832 3067 ll,
853 3004 880 3056 4.
901 3021 928 3072 p.
947 3004 1007 3055 169.
1025 2999 1066 3053 ed.
1085 3011 1177 3070 nostr,
1195 3002 1241 3055 ubi

192 3094 248 3165 ipse
268 3094 384 3165 primum
403 3091 544 3163 scripserat
561 3091 726 3143 Phliuntios·
760 3089 820 3141 Mr.

262 3200 299 3233 an
316 3199 469 3250 responsum
487 3181 528 3230 Μ’
548 3179 633 3247 Uarii]
669 3178 728 3231 Hoc
749 3195 860 3249 quoque
878 3176 955 3242 loco,
973 3187 1003 3230 ut
1019 3193 1100 3247 supra
1115 3176 1178 3230 Par.
1199 3178 1241 3243 V,

189 3271 288 3332 Curius
309 3268 337 3321 in
362 3267 453 3321 multis
475 3262 552 3319 libris'
574 3266 671 3320 dieitur
689 3269 804 3317 Marcus
829 3282 884 3317 non
905 3266 1026 3315 Manius·
1070 3264 1240 3317 Praenomen

192 3357 317 3410 omissum
337 3365 374 3407 est
392 3353 419 3406 in
438 3351 648 3408 Drsd.t.01.l.
668 3351 771 3406 Laudat
781 3350 910 3405 Graevius
927 3350 960 3403 de
972 3349 1056 3404 Curio
1074 3350 1144 3404 Plin.
1157 3351 1189 3404 N.
1207 3350 1239 3404 fl.

192 3447 234 3510 18,
254 3446 279 3498 a.
298 3453 325 3495 et
342 3444 386 3507 16,
406 3442 449 3494 3⁹.
468 3441 518 3508 [est
538 3440 633 3508 xvllt,
650 3444 677 3495 t.
697 3451 723 3494 es
740 3439 809 3507 xlx,
829 3442 872 3505 26,
891 3440 929 3507 4.]
964 3437 1024 3491 Μι.

260 3546 415 3598 responsum
434 3530 484 3581 Μ’.
505 3528 589 3594 Curii]
626 3527 807 3599 „Respondit,
826 3525 906 3581 malle
923 3544 960 3593 se,
978 3544 1060 3597 quam
1077 3544 1172 3579 aurum
1192 3525 1240 3578 ba-

191 3618 262 3683 bere,
281 3614 440 3668 habentibus
456 3615 598 3686 imperare.
618 3615 680 3668 vid.
690 3633 714 3668 c.
722 3618 765 3669 16.
785 3614 818 3667 de
826 3613 997 3668 Senectute.“
1016 3614 1113 3668 Facc.
1142 3613 1240 3682 „Unus

191 3702 241 3756 Os.
261 3706 301 3757 M.
320 3703 359 3771 (b.
378 3722 402 3756 e.
421 3701 521 3771 Marci)
540 3705 622 3755 Cur.“
659 3700 785 3755 Geruli.
1220 3707 1224 3716 “

259 3791 435 3842 hereditatem
454 3794 487 3844 L.
504 3790 625 3857 Paulli,]
669 3791 717 3858 „ln
737 3789 867 3844 Aemilius
889 3789 1013 3857 Paullus,
1039 3788 1125 3861 isqui
1144 3786 1237 3843 Mace·

188 3876 296 3928 doniam
313 3876 438 3928 Romano
457 3876 572 3946 imperio
590 3877 709 3943 subiecit,
728 3878 796 3931 duos
813 3878 882 3931 filios
899 3878 927 3929 in
945 3875 1045 3933 alienat
1060 3876 1173 3930 familias
1190 3879 1240 3930 ad·

188 3963 320 4033 optandos
339 3963 497 4031 tradiderat,
516 3964 645 4017 maiorem
666 3965 703 4034 Q.
722 3966 808 4019 Fabio
825 3965 958 4031 Maximo,
976 3965 1050 4018 unde
1063 3966 1107 4019 bic
1124 3964 1238 4036 adopta-

188 4060 230 4102 tus
250 4048 319 4102 lilius
337 4051 474 4104 dicebatur
492 4050 528 4119 Q.
540 4051 638 4107 Fabius
656 4054 788 4107 Maximus
805 4052 981 4107 Aemilianus:
1000 4054 1133 4107 minorem
1148 4062 1237 4104 autern

188 4133 324 4204 adoptarit
340 4137 371 4187 P.
396 4138 536 4192 Cornelius
561 4138 669 4211 Scipio,
696 4141 766 4196 filius
792 4141 864 4209 eius,
892 4142 938 4214 qui
959 4140 1140 4195 'Hannibalem
1166 4138 1238 4192 bello

187 4220 293 4275 Punico
321 4222 438 4276 secundo
461 4224 652 4298 debellaverat,
688 4229 733 4300 qui
767 4228 907 4299 adoptatus
928 4226 1050 4298 Scipioni
1081 4223 1150 4277 filius
1174 4224 1238 4277 inde
