<?xml version="1.0" encoding="UTF-8"?>
<!DOCTYPE html PUBLIC "-//W3C//DTD XHTML 1.0 Transitional//EN"
    "http://www.w3.org/TR/xhtml1/DTD/xhtml1-transitional.dtd">
<html xmlns="http://www.w3.org/1999/xhtml" xml:lang="en" lang="en">
 <head>
  <title>
</title>
<meta http-equiv="Content-Type" content="text/html;charset=utf-8" />
  <meta name='ocr-system' content='tesseract 3.04.00' />
  <meta name='ocr-capabilities' content='ocr_page ocr_carea ocr_par ocr_line ocrx_word'/>
</head>
<body>
  <div class='ocr_page' id='page_1' title='image "./paradoxa01wyttgoog_0022.png"; bbox 0 0 3059 4925; ppageno 0'>
   <div class='ocr_carea' id='block_1_1' title="bbox 293 473 1184 528">
    <p class='ocr_par' dir='ltr' id='par_1_1' title="bbox 293 473 1184 528">
     <span class='ocr_line' id='line_1_1' title="bbox 293 473 1184 528; baseline -0.006 0"><span class='ocrx_word' id='word_1_1' title='bbox 293 480 377 528; x_wconf 83' lang='lat' dir='ltr'>xvnt</span> <span class='ocrx_word' id='word_1_2' title='bbox 455 476 556 527; x_wconf 73' lang='lat' dir='ltr'>mont</span> <span class='ocrx_word' id='word_1_3' title='bbox 583 473 766 524; x_wconf 74' lang='lat' dir='ltr'>trrtntrttt</span> <span class='ocrx_word' id='word_1_4' title='bbox 791 473 910 521; x_wconf 71' lang='lat' dir='ltr'>Glll&#39;l&#39;iiil</span> <span class='ocrx_word' id='word_1_5' title='bbox 933 475 976 521; x_wconf 77' lang='lat' dir='ltr'>An</span> <span class='ocrx_word' id='word_1_6' title='bbox 1000 475 1184 523; x_wconf 69' lang='lat' dir='ltr'>ernanum.</span> 
     </span>
    </p>
   </div>
   <div class='ocr_carea' id='block_1_2' title="bbox 292 634 1346 1138">
    <p class='ocr_par' dir='ltr' id='par_1_2' title="bbox 293 634 1346 781">
     <span class='ocr_line' id='line_1_2' title="bbox 295 634 1346 705; baseline 0.001 -14"><span class='ocrx_word' id='word_1_7' title='bbox 295 642 374 693; x_wconf 78' lang='lat' dir='ltr'>dosa.</span> <span class='ocrx_word' id='word_1_8' title='bbox 407 638 523 691; x_wconf 84' lang='lat' dir='ltr'>Parisiis</span> <span class='ocrx_word' id='word_1_9' title='bbox 541 654 572 687; x_wconf 75' lang='lat' dir='ltr'>ea</span> <span class='ocrx_word' id='word_1_10' title='bbox 592 635 641 705; x_wconf 86' lang='lat' dir='ltr'>off.</span> <span class='ocrx_word' id='word_1_11' title='bbox 660 634 723 689; x_wconf 83' lang='lat' dir='ltr'>Sim.</span> <span class='ocrx_word' id='word_1_12' title='bbox 743 634 875 701; x_wconf 79' lang='lat' dir='ltr'>Goiinaei,</span> <span class='ocrx_word' id='word_1_13' title='bbox 895 636 974 689; x_wconf 78' lang='grc'><strong>1513.</strong></span> <span class='ocrx_word' id='word_1_14' title='bbox 994 637 1037 689; x_wconf 97' lang='grc'>16.</span> <span class='ocrx_word' id='word_1_15' title='bbox 1074 634 1164 690; x_wconf 79' lang='lat' dir='ltr'>Editio</span> <span class='ocrx_word' id='word_1_16' title='bbox 1182 636 1280 703; x_wconf 84' lang='lat' dir='ltr'>nitida,</span> <span class='ocrx_word' id='word_1_17' title='bbox 1299 656 1346 692; x_wconf 88' lang='lat' dir='ltr'>ac·</span> 
     </span>
     <span class='ocr_line' id='line_1_3' title="bbox 293 736 531 781; baseline -0.017 0"><span class='ocrx_word' id='word_1_18' title='bbox 293 737 384 781; x_wconf 84' lang='lat' dir='ltr'>aurate</span> <span class='ocrx_word' id='word_1_19' title='bbox 402 736 531 780; x_wconf 84' lang='lat' dir='ltr'>correcta.</span> 
     </span>
    </p>

    <p class='ocr_par' dir='ltr' id='par_1_3' title="bbox 292 808 1346 1138">
     <span class='ocr_line' id='line_1_4' title="bbox 364 808 1346 879; baseline -0.007 -12"><span class='ocrx_word' id='word_1_20' title='bbox 364 818 407 867; x_wconf 78' lang='lat'>1⁰.</span> <span class='ocrx_word' id='word_1_21' title='bbox 436 815 477 865; x_wconf 86' lang='lat' dir='ltr'>M.</span> <span class='ocrx_word' id='word_1_22' title='bbox 487 815 517 865; x_wconf 84' lang='lat' dir='ltr'>T.</span> <span class='ocrx_word' id='word_1_23' title='bbox 528 809 710 879; x_wconf 83' lang='lat' dir='ltr'>C.Off.opera</span> <span class='ocrx_word' id='word_1_24' title='bbox 723 808 833 879; x_wconf 72' lang='lat' dir='ltr'>Walfg.</span> <span class='ocrx_word' id='word_1_25' title='bbox 850 810 1052 861; x_wconf 87' lang='lat' dir='ltr'>Anemoecii</span> <span class='ocrx_word' id='word_1_26' title='bbox 1070 828 1102 860; x_wconf 81' lang='lat' dir='ltr'>ear</span> <span class='ocrx_word' id='word_1_27' title='bbox 1124 812 1263 865; x_wconf 68' lang='lat' dir='ltr'>aetauies,</span> <span class='ocrx_word' id='word_1_28' title='bbox 1283 811 1346 862; x_wconf 82' lang='lat' dir='ltr'>Coti.</span> 
     </span>
     <span class='ocr_line' id='line_1_5' title="bbox 292 895 1342 971; baseline -0.005 -19"><span class='ocrx_word' id='word_1_29' title='bbox 292 901 355 971; x_wconf 81' lang='lat' dir='ltr'>pins</span> <span class='ocrx_word' id='word_1_30' title='bbox 372 917 453 971; x_wconf 84' lang='lat' dir='ltr'>quarn</span> <span class='ocrx_word' id='word_1_31' title='bbox 470 898 499 949; x_wconf 89' lang='lat' dir='ltr'>in</span> <span class='ocrx_word' id='word_1_32' title='bbox 515 906 623 949; x_wconf 84' lang='lat' dir='ltr'>eentum</span> <span class='ocrx_word' id='word_1_33' title='bbox 638 895 710 949; x_wconf 74' lang='lat' dir='ltr'>iocis</span> <span class='ocrx_word' id='word_1_34' title='bbox 723 896 855 963; x_wconf 79' lang='lat' dir='ltr'>castigati</span> <span class='ocrx_word' id='word_1_35' title='bbox 873 904 902 945; x_wconf 89' lang='lat' dir='ltr'>et</span> <span class='ocrx_word' id='word_1_36' title='bbox 918 897 1056 961; x_wconf 72' lang='lat' dir='ltr'><em>restituti,</em></span> <span class='ocrx_word' id='word_1_37' title='bbox 1074 897 1107 948; x_wconf 85' lang='lat' dir='ltr'>de</span> <span class='ocrx_word' id='word_1_38' title='bbox 1125 898 1213 951; x_wconf 83' lang='lat' dir='ltr'>Amic.</span> <span class='ocrx_word' id='word_1_39' title='bbox 1232 899 1264 949; x_wconf 84' lang='lat' dir='ltr'>de</span> <span class='ocrx_word' id='word_1_40' title='bbox 1281 901 1342 949; x_wconf 80' lang='lat' dir='ltr'>Sen.</span> 
     </span>
     <span class='ocr_line' id='line_1_6' title="bbox 293 983 1345 1057; baseline -0.004 -18"><span class='ocrx_word' id='word_1_41' title='bbox 293 986 447 1039; x_wconf 83' lang='lat' dir='ltr'>Paradoxis</span> <span class='ocrx_word' id='word_1_42' title='bbox 466 994 548 1057; x_wconf 82' lang='lat' dir='ltr'>atque</span> <span class='ocrx_word' id='word_1_43' title='bbox 565 986 653 1037; x_wconf 83' lang='lat' dir='ltr'>Sama.</span> <span class='ocrx_word' id='word_1_44' title='bbox 672 984 744 1052; x_wconf 85' lang='lat' dir='ltr'>Scip.</span> <span class='ocrx_word' id='word_1_45' title='bbox 772 1000 827 1034; x_wconf 86' lang='lat' dir='ltr'>ana</span> <span class='ocrx_word' id='word_1_46' title='bbox 846 1001 906 1033; x_wconf 87' lang='lat' dir='ltr'>cam</span> <span class='ocrx_word' id='word_1_47' title='bbox 926 983 1032 1054; x_wconf 81' lang='lat' dir='ltr'><em>dialogo</em></span> <span class='ocrx_word' id='word_1_48' title='bbox 1051 985 1218 1043; x_wconf 78' lang='lat' dir='ltr'>Anemoecii‚</span> <span class='ocrx_word' id='word_1_49' title='bbox 1245 986 1273 1036; x_wconf 90' lang='lat' dir='ltr'>in</span> <span class='ocrx_word' id='word_1_50' title='bbox 1292 1005 1345 1055; x_wconf 79' lang='lat' dir='ltr'>qua</span> 
     </span>
     <span class='ocr_line' id='line_1_7' title="bbox 294 1067 1346 1138; baseline -0.002 -13"><span class='ocrx_word' id='word_1_51' title='bbox 294 1073 382 1125; x_wconf 82' lang='lat' dir='ltr'>reddit</span> <span class='ocrx_word' id='word_1_52' title='bbox 399 1074 545 1138; x_wconf 89' lang='lat' dir='ltr'>rationem,</span> <span class='ocrx_word' id='word_1_53' title='bbox 563 1090 611 1123; x_wconf 85' lang='lat' dir='ltr'>cnr</span> <span class='ocrx_word' id='word_1_54' title='bbox 627 1067 690 1124; x_wconf 79' lang='lat' dir='ltr'>ilias</span> <span class='ocrx_word' id='word_1_55' title='bbox 708 1070 779 1122; x_wconf 74' lang='lat' dir='ltr'>ireos</span> <span class='ocrx_word' id='word_1_56' title='bbox 797 1072 955 1125; x_wconf 82' lang='lat' dir='ltr'>mutaverit.</span> <span class='ocrx_word' id='word_1_57' title='bbox 972 1099 1008 1111; x_wconf 91' lang='lat'>-</span> <span class='ocrx_word' id='word_1_58' title='bbox 1045 1074 1110 1121; x_wconf 83' lang='lat' dir='ltr'>Oam</span> <span class='ocrx_word' id='word_1_59' title='bbox 1126 1090 1190 1124; x_wconf 77' lang='lat' dir='ltr'>ann,</span> <span class='ocrx_word' id='word_1_60' title='bbox 1208 1075 1272 1124; x_wconf 87' lang='lat' dir='ltr'>Des.</span> <span class='ocrx_word' id='word_1_61' title='bbox 1290 1075 1346 1128; x_wconf 85' lang='lat' dir='ltr'>Er.</span> 
     </span>
    </p>
   </div>
   <div class='ocr_carea' id='block_1_3' title="bbox 295 1147 1448 1227">
    <p class='ocr_par' dir='ltr' id='par_1_4' title="bbox 295 1147 1448 1227">
     <span class='ocr_line' id='line_1_8' title="bbox 295 1147 1448 1227; baseline 0 -16"><span class='ocrx_word' id='word_1_62' title='bbox 295 1161 375 1225; x_wconf 82' lang='lat' dir='ltr'>Rot.,</span> <span class='ocrx_word' id='word_1_63' title='bbox 394 1160 466 1213; x_wconf 84' lang='lat' dir='ltr'>Plril.</span> <span class='ocrx_word' id='word_1_64' title='bbox 483 1160 563 1213; x_wconf 78' lang='lat' dir='ltr'>Mat.</span> <span class='ocrx_word' id='word_1_65' title='bbox 579 1168 610 1209; x_wconf 88' lang='lat' dir='ltr'>et</span> <span class='ocrx_word' id='word_1_66' title='bbox 629 1158 728 1211; x_wconf 76' lang='lat' dir='ltr'>narrt.</span> <span class='ocrx_word' id='word_1_67' title='bbox 747 1162 824 1211; x_wconf 83' lang='lat' dir='ltr'>Lat.</span> <span class='ocrx_word' id='word_1_68' title='bbox 843 1157 978 1227; x_wconf 86' lang='lat' dir='ltr'>adspersis</span> <span class='ocrx_word' id='word_1_69' title='bbox 998 1158 1243 1210; x_wconf 43' lang='lat' dir='ltr'>conrecootenii</span> <span class='ocrx_word' id='word_1_70' title='bbox 1268 1160 1346 1211; x_wconf 75' lang='lat' dir='ltr'>echo·</span> <span class='ocrx_word' id='word_1_71' title='bbox 1447 1147 1448 1156; x_wconf 30' lang='lat'>¹</span> 
     </span>
    </p>
   </div>
   <div class='ocr_carea' id='block_1_4' title="bbox 222 1242 1406 4282">
    <p class='ocr_par' dir='ltr' id='par_1_5' title="bbox 222 1242 1347 1491">
     <span class='ocr_line' id='line_1_9' title="bbox 222 1242 1345 1315; baseline 0.001 -18"><span class='ocrx_word' id='word_1_72' title='bbox 222 1254 225 1261; x_wconf 90' lang='lat'>&#39;</span> <span class='ocrx_word' id='word_1_73' title='bbox 295 1247 393 1299; x_wconf 76' lang='lat' dir='ltr'>lits-</span> <span class='ocrx_word' id='word_1_74' title='bbox 412 1246 469 1298; x_wconf 76' lang='lat' dir='ltr'>arti.</span> <span class='ocrx_word' id='word_1_75' title='bbox 486 1246 570 1298; x_wconf 78' lang='lat' dir='ltr'>variis</span> <span class='ocrx_word' id='word_1_76' title='bbox 588 1245 798 1297; x_wconf 61' lang='lat' dir='ltr'>lectionibus·-</span> <span class='ocrx_word' id='word_1_77' title='bbox 817 1244 897 1298; x_wconf 73' lang='lat' dir='ltr'>Bait.</span> <span class='ocrx_word' id='word_1_78' title='bbox 913 1243 999 1298; x_wconf 85' lang='lat' dir='ltr'>Nicol.</span> <span class='ocrx_word' id='word_1_79' title='bbox 1018 1242 1138 1315; x_wconf 74' lang='lat' dir='ltr'>Bryiing.</span> <span class='ocrx_word' id='word_1_80' title='bbox 1156 1244 1237 1297; x_wconf 82' lang='lat' dir='ltr'>NLD.</span> <span class='ocrx_word' id='word_1_81' title='bbox 1245 1244 1299 1297; x_wconf 87' lang='lat' dir='ltr'>LX.</span> <span class='ocrx_word' id='word_1_82' title='bbox 1319 1248 1345 1298; x_wconf 85' lang='lat'>8.</span> 
     </span>
     <span class='ocr_line' id='line_1_10' title="bbox 296 1330 1347 1404; baseline 0.001 -19"><span class='ocrx_word' id='word_1_83' title='bbox 296 1331 376 1387; x_wconf 82' lang='lat' dir='ltr'>Cani.</span> <span class='ocrx_word' id='word_1_84' title='bbox 394 1332 498 1387; x_wconf 85' lang='lat' dir='ltr'>Beier</span> <span class='ocrx_word' id='word_1_85' title='bbox 515 1331 532 1385; x_wconf 87' lang='lat' dir='ltr'>i.</span> <span class='ocrx_word' id='word_1_86' title='bbox 552 1352 576 1386; x_wconf 84' lang='lat' dir='ltr'>c.</span> <span class='ocrx_word' id='word_1_87' title='bbox 593 1352 620 1404; x_wconf 82' lang='lat' dir='ltr'>p·</span> <span class='ocrx_word' id='word_1_88' title='bbox 636 1336 699 1387; x_wconf 78' lang='lat'>4⁵0.</span> <span class='ocrx_word' id='word_1_89' title='bbox 718 1332 751 1387; x_wconf 85' lang='lat' dir='ltr'>N.</span> <span class='ocrx_word' id='word_1_90' title='bbox 768 1336 811 1387; x_wconf 79' lang='grc'>29.</span> <span class='ocrx_word' id='word_1_91' title='bbox 853 1332 925 1387; x_wconf 80' lang='lat' dir='ltr'>Dicit</span> <span class='ocrx_word' id='word_1_92' title='bbox 951 1331 1022 1384; x_wconf 84' lang='lat' dir='ltr'>banc</span> <span class='ocrx_word' id='word_1_93' title='bbox 1046 1331 1097 1387; x_wconf 89' lang='lat' dir='ltr'>Ed.</span> <span class='ocrx_word' id='word_1_94' title='bbox 1124 1330 1243 1385; x_wconf 77' lang='lat' dir='ltr'>Oretttus</span> <span class='ocrx_word' id='word_1_95' title='bbox 1266 1331 1347 1386; x_wconf 90' lang='lat' dir='ltr'>Ono·</span> 
     </span>
     <span class='ocr_line' id='line_1_11' title="bbox 296 1418 1068 1491; baseline -0.001 -17"><span class='ocrx_word' id='word_1_96' title='bbox 296 1432 370 1475; x_wconf 86' lang='lat' dir='ltr'>mast.</span> <span class='ocrx_word' id='word_1_97' title='bbox 389 1420 460 1473; x_wconf 76' lang='lat' dir='ltr'>Tun.</span> <span class='ocrx_word' id='word_1_98' title='bbox 477 1419 509 1474; x_wconf 91' lang='grc' dir='ltr'>Τ.</span> <span class='ocrx_word' id='word_1_99' title='bbox 527 1418 549 1472; x_wconf 94' lang='grc' dir='ltr'>Ι.</span> <span class='ocrx_word' id='word_1_100' title='bbox 567 1439 595 1491; x_wconf 89' lang='lat' dir='ltr'>p.</span> <span class='ocrx_word' id='word_1_101' title='bbox 612 1423 675 1475; x_wconf 77' lang='grc'><strong>651.</strong></span> <span class='ocrx_word' id='word_1_102' title='bbox 694 1419 1068 1474; x_wconf 77' lang='lat' dir='ltr'>Pseudo-Anemoecianam.</span> 
     </span>
    </p>

    <p class='ocr_par' dir='ltr' id='par_1_6' title="bbox 229 1506 1348 2537">
     <span class='ocr_line' id='line_1_12' title="bbox 368 1506 1348 1578; baseline -0.003 -17"><span class='ocrx_word' id='word_1_103' title='bbox 368 1509 412 1561; x_wconf 92' lang='grc'>11.</span> <span class='ocrx_word' id='word_1_104' title='bbox 454 1510 493 1560; x_wconf 83' lang='grc' dir='ltr'>Μ.</span> <span class='ocrx_word' id='word_1_105' title='bbox 522 1511 552 1560; x_wconf 79' lang='grc' dir='ltr'><strong>Τ.</strong></span> <span class='ocrx_word' id='word_1_106' title='bbox 580 1510 606 1561; x_wconf 85' lang='grc'>0.</span> <span class='ocrx_word' id='word_1_107' title='bbox 636 1506 692 1577; x_wconf 81' lang='lat' dir='ltr'>Off.</span> <span class='ocrx_word' id='word_1_108' title='bbox 711 1518 760 1560; x_wconf 85' lang='lat' dir='ltr'>etc.</span> <span class='ocrx_word' id='word_1_109' title='bbox 793 1506 942 1559; x_wconf 85' lang='lat' dir='ltr'>Paradoxa</span> <span class='ocrx_word' id='word_1_110' title='bbox 968 1536 1002 1548; x_wconf 93' lang='lat'><em>-</em></span> <span class='ocrx_word' id='word_1_111' title='bbox 1030 1510 1074 1558; x_wconf 77' lang='lat' dir='ltr'>Ex</span> <span class='ocrx_word' id='word_1_112' title='bbox 1101 1508 1280 1578; x_wconf 72' lang='lat' dir='ltr'><em>castigatione</em></span> <span class='ocrx_word' id='word_1_113' title='bbox 1307 1511 1348 1558; x_wconf 89' lang='lat' dir='ltr'>Io.</span> 
     </span>
     <span class='ocr_line' id='line_1_13' title="bbox 296 1593 1346 1665; baseline -0.001 -18"><span class='ocrx_word' id='word_1_114' title='bbox 296 1595 486 1649; x_wconf 82' lang='lat' dir='ltr'>Baalierii.</span> <span class='ocrx_word' id='word_1_115' title='bbox 523 1593 608 1665; x_wconf 76' lang='lat' dir='ltr'>Lagd.</span> <span class='ocrx_word' id='word_1_116' title='bbox 627 1614 670 1665; x_wconf 87' lang='lat' dir='ltr'>ap.</span> <span class='ocrx_word' id='word_1_117' title='bbox 689 1594 752 1647; x_wconf 82' lang='lat' dir='ltr'>Ant.</span> <span class='ocrx_word' id='word_1_118' title='bbox 773 1594 955 1647; x_wconf 79' lang='lat' dir='ltr'>vincentium.</span> <span class='ocrx_word' id='word_1_119' title='bbox 973 1597 1054 1647; x_wconf 89' lang='grc'><strong>1562.</strong></span> <span class='ocrx_word' id='word_1_120' title='bbox 1072 1596 1096 1646; x_wconf 82' lang='grc'>8.</span> <span class='ocrx_word' id='word_1_121' title='bbox 1116 1604 1141 1647; x_wconf 86' lang='lat' dir='ltr'>et</span> <span class='ocrx_word' id='word_1_122' title='bbox 1158 1595 1195 1648; x_wconf 86' lang='lat' dir='ltr'>ib.</span> <span class='ocrx_word' id='word_1_123' title='bbox 1205 1597 1283 1649; x_wconf 71' lang='lat'><strong>1568.</strong></span> <span class='ocrx_word' id='word_1_124' title='bbox 1302 1597 1346 1646; x_wconf 90' lang='grc'>12.</span> 
     </span>
     <span class='ocr_line' id='line_1_14' title="bbox 297 1679 1346 1754; baseline -0.004 -18"><span class='ocrx_word' id='word_1_125' title='bbox 297 1682 377 1736; x_wconf 90' lang='lat' dir='ltr'>Prior</span> <span class='ocrx_word' id='word_1_126' title='bbox 386 1683 428 1736; x_wconf 90' lang='lat' dir='ltr'>ed.</span> <span class='ocrx_word' id='word_1_127' title='bbox 446 1684 476 1736; x_wconf 87' lang='lat' dir='ltr'>in</span> <span class='ocrx_word' id='word_1_128' title='bbox 494 1683 614 1754; x_wconf 78' lang='lat' dir='ltr'>margine</span> <span class='ocrx_word' id='word_1_129' title='bbox 632 1681 712 1734; x_wconf 82' lang='lat' dir='ltr'>babet</span> <span class='ocrx_word' id='word_1_130' title='bbox 730 1680 827 1734; x_wconf 81' lang='lat' dir='ltr'>multas</span> <span class='ocrx_word' id='word_1_131' title='bbox 841 1681 969 1735; x_wconf 85' lang='lat' dir='ltr'>lectiones</span> <span class='ocrx_word' id='word_1_132' title='bbox 986 1680 1186 1734; x_wconf 73' lang='lat' dir='ltr'>memorabiles:</span> <span class='ocrx_word' id='word_1_133' title='bbox 1206 1679 1346 1751; x_wconf 79' lang='lat' dir='ltr'>posterior,</span> 
     </span>
     <span class='ocr_line' id='line_1_15' title="bbox 297 1767 1347 1836; baseline -0.002 -15"><span class='ocrx_word' id='word_1_134' title='bbox 297 1769 402 1823; x_wconf 91' lang='lat' dir='ltr'>minore</span> <span class='ocrx_word' id='word_1_135' title='bbox 418 1771 519 1836; x_wconf 82' lang='lat' dir='ltr'>forma,</span> <span class='ocrx_word' id='word_1_136' title='bbox 548 1790 603 1823; x_wconf 88' lang='lat' dir='ltr'>non</span> <span class='ocrx_word' id='word_1_137' title='bbox 630 1768 715 1823; x_wconf 84' lang='lat' dir='ltr'>babet.</span> <span class='ocrx_word' id='word_1_138' title='bbox 763 1768 818 1822; x_wconf 85' lang='lat' dir='ltr'>Sed</span> <span class='ocrx_word' id='word_1_139' title='bbox 844 1789 894 1831; x_wconf 85' lang='lat' dir='ltr'>aec</span> <span class='ocrx_word' id='word_1_140' title='bbox 921 1768 1013 1821; x_wconf 87' lang='lat' dir='ltr'>eadem</span> <span class='ocrx_word' id='word_1_141' title='bbox 1038 1767 1135 1821; x_wconf 88' lang='lat' dir='ltr'>babent</span> <span class='ocrx_word' id='word_1_142' title='bbox 1160 1767 1187 1819; x_wconf 92' lang='lat' dir='ltr'>in</span> <span class='ocrx_word' id='word_1_143' title='bbox 1213 1768 1347 1822; x_wconf 78' lang='lat' dir='ltr'>contestis.</span> 
     </span>
     <span class='ocr_line' id='line_1_16' title="bbox 297 1851 1346 1921; baseline -0.009 -12"><span class='ocrx_word' id='word_1_144' title='bbox 297 1854 343 1911; x_wconf 81' lang='lat' dir='ltr'>sie</span> <span class='ocrx_word' id='word_1_145' title='bbox 363 1858 448 1911; x_wconf 89' lang='lat' dir='ltr'>maior</span> <span class='ocrx_word' id='word_1_146' title='bbox 466 1858 493 1911; x_wconf 93' lang='lat' dir='ltr'>in</span> <span class='ocrx_word' id='word_1_147' title='bbox 512 1856 681 1911; x_wconf 83' lang='lat' dir='ltr'>Praefatione</span> <span class='ocrx_word' id='word_1_148' title='bbox 699 1866 779 1911; x_wconf 60' lang='lat' dir='ltr'>extra</span> <span class='ocrx_word' id='word_1_149' title='bbox 807 1855 873 1907; x_wconf 85' lang='lat' dir='ltr'>Sed</span> <span class='ocrx_word' id='word_1_150' title='bbox 890 1866 1021 1919; x_wconf 89' lang='lat' dir='ltr'>tamen,</span> <span class='ocrx_word' id='word_1_151' title='bbox 1051 1864 1083 1904; x_wconf 88' lang='lat' dir='ltr'>ut</span> <span class='ocrx_word' id='word_1_152' title='bbox 1108 1871 1141 1903; x_wconf 80' lang='lat' dir='ltr'>ex</span> <span class='ocrx_word' id='word_1_153' title='bbox 1166 1852 1258 1901; x_wconf 87' lang='lat' dir='ltr'>eadem</span> <span class='ocrx_word' id='word_1_154' title='bbox 1276 1851 1346 1921; x_wconf 81' lang='lat' dir='ltr'>offi-</span> 
     </span>
     <span class='ocr_line' id='line_1_17' title="bbox 257 1940 1346 2015; baseline -0.007 -21"><span class='ocrx_word' id='word_1_155' title='bbox 257 1955 262 1958; x_wconf 85' lang='lat'>&#39;</span> <span class='ocrx_word' id='word_1_156' title='bbox 297 1945 359 1997; x_wconf 87' lang='lat' dir='ltr'>cina</span> <span class='ocrx_word' id='word_1_157' title='bbox 378 1946 463 1997; x_wconf 79' lang='lat' dir='ltr'>exisse</span> <span class='ocrx_word' id='word_1_158' title='bbox 481 1954 672 2015; x_wconf 81' lang='lat' dir='ltr'>appareat:</span> <span class='ocrx_word' id='word_1_159' title='bbox 691 1944 720 1995; x_wconf 93' lang='lat' dir='ltr'>in</span> <span class='ocrx_word' id='word_1_160' title='bbox 738 1959 838 2011; x_wconf 81' lang='lat' dir='ltr'>marg.:</span> <span class='ocrx_word' id='word_1_161' title='bbox 857 1942 933 1992; x_wconf 85' lang='lat' dir='ltr'>tale</span> <span class='ocrx_word' id='word_1_162' title='bbox 952 1948 1063 1990; x_wconf 85' lang='lat' dir='ltr'>tamen</span> <span class='ocrx_word' id='word_1_163' title='bbox 1081 1950 1148 1995; x_wconf 79' lang='lat' dir='ltr'>est,</span> <span class='ocrx_word' id='word_1_164' title='bbox 1167 1949 1243 1989; x_wconf 89' lang='lat' dir='ltr'>ut-</span> <span class='ocrx_word' id='word_1_165' title='bbox 1261 1940 1346 1992; x_wconf 80' lang='lat' dir='ltr'>exisse</span> 
     </span>
     <span class='ocr_line' id='line_1_18' title="bbox 297 2023 1346 2094; baseline -0.003 -12"><span class='ocrx_word' id='word_1_166' title='bbox 297 2032 474 2083; x_wconf 82' lang='lat' dir='ltr'>videatur:</span> <span class='ocrx_word' id='word_1_167' title='bbox 494 2031 535 2083; x_wconf 88' lang='lat' dir='ltr'>ed.</span> <span class='ocrx_word' id='word_1_168' title='bbox 554 2032 632 2085; x_wconf 73' lang='lat' dir='ltr'>min:</span> <span class='ocrx_word' id='word_1_169' title='bbox 652 2030 707 2081; x_wconf 88' lang='lat' dir='ltr'>sed</span> <span class='ocrx_word' id='word_1_170' title='bbox 723 2040 813 2079; x_wconf 89' lang='lat' dir='ltr'>tamen</span> <span class='ocrx_word' id='word_1_171' title='bbox 831 2038 885 2079; x_wconf 88' lang='lat' dir='ltr'>est</span> <span class='ocrx_word' id='word_1_172' title='bbox 903 2027 992 2090; x_wconf 87' lang='lat' dir='ltr'>tale,</span> <span class='ocrx_word' id='word_1_173' title='bbox 1010 2036 1043 2077; x_wconf 85' lang='lat' dir='ltr'>at</span> <span class='ocrx_word' id='word_1_174' title='bbox 1063 2055 1095 2066; x_wconf 92' lang='lat'>-</span> <span class='ocrx_word' id='word_1_175' title='bbox 1114 2034 1255 2094; x_wconf 80' lang='lat' dir='ltr'>appareat.</span> <span class='ocrx_word' id='word_1_176' title='bbox 1291 2023 1346 2080; x_wconf 82' lang='lat' dir='ltr'>Ce-</span> 
     </span>
     <span class='ocr_line' id='line_1_19' title="bbox 297 2112 1345 2186; baseline -0.004 -17"><span class='ocrx_word' id='word_1_177' title='bbox 297 2128 385 2170; x_wconf 88' lang='lat' dir='ltr'>terum</span> <span class='ocrx_word' id='word_1_178' title='bbox 405 2127 498 2169; x_wconf 87' lang='lat' dir='ltr'>notum</span> <span class='ocrx_word' id='word_1_179' title='bbox 517 2127 570 2181; x_wconf 90' lang='lat' dir='ltr'>est,</span> <span class='ocrx_word' id='word_1_180' title='bbox 594 2115 820 2168; x_wconf 85' lang='lat' dir='ltr'>Boulierium</span> <span class='ocrx_word' id='word_1_181' title='bbox 839 2134 950 2186; x_wconf 89' lang='lat' dir='ltr'>operam</span> <span class='ocrx_word' id='word_1_182' title='bbox 969 2133 1024 2166; x_wconf 91' lang='lat' dir='ltr'>non</span> <span class='ocrx_word' id='word_1_183' title='bbox 1052 2112 1277 2167; x_wconf 81' lang='lat' dir='ltr'>contemnendam</span> <span class='ocrx_word' id='word_1_184' title='bbox 1295 2132 1345 2166; x_wconf 88' lang='lat' dir='ltr'>ua-</span> 
     </span>
     <span class='ocr_line' id='line_1_20' title="bbox 297 2202 1344 2265; baseline -0.002 -10"><span class='ocrx_word' id='word_1_185' title='bbox 297 2223 367 2257; x_wconf 76' lang='lat' dir='ltr'>casse</span> <span class='ocrx_word' id='word_1_186' title='bbox 385 2202 510 2256; x_wconf 84' lang='lat' dir='ltr'>Ciceroni</span> <span class='ocrx_word' id='word_1_187' title='bbox 528 2202 632 2256; x_wconf 87' lang='lat' dir='ltr'>edendo</span> <span class='ocrx_word' id='word_1_188' title='bbox 657 2213 718 2256; x_wconf 88' lang='lat' dir='ltr'>ante</span> <span class='ocrx_word' id='word_1_189' title='bbox 739 2202 955 2255; x_wconf 90' lang='lat' dir='ltr'>Lambinum:</span> <span class='ocrx_word' id='word_1_190' title='bbox 982 2202 1083 2255; x_wconf 87' lang='lat' dir='ltr'>factum</span> <span class='ocrx_word' id='word_1_191' title='bbox 1109 2210 1198 2252; x_wconf 88' lang='lat' dir='ltr'>autem</span> <span class='ocrx_word' id='word_1_192' title='bbox 1217 2219 1286 2265; x_wconf 87' lang='lat' dir='ltr'>esse,</span> <span class='ocrx_word' id='word_1_193' title='bbox 1315 2211 1344 2253; x_wconf 90' lang='lat' dir='ltr'>ut</span> 
     </span>
     <span class='ocr_line' id='line_1_21' title="bbox 297 2286 1346 2361; baseline -0.004 -18"><span class='ocrx_word' id='word_1_194' title='bbox 297 2292 354 2344; x_wconf 86' lang='lat' dir='ltr'>eius</span> <span class='ocrx_word' id='word_1_195' title='bbox 372 2290 468 2356; x_wconf 86' lang='lat' dir='ltr'>editio,</span> <span class='ocrx_word' id='word_1_196' title='bbox 486 2300 659 2361; x_wconf 83' lang='lat' dir='ltr'>posteaquam</span> <span class='ocrx_word' id='word_1_197' title='bbox 678 2289 852 2343; x_wconf 86' lang='lat' dir='ltr'>Lambiniana</span> <span class='ocrx_word' id='word_1_198' title='bbox 868 2289 984 2361; x_wconf 75' lang='lat' dir='ltr'>prodiit,</span> <span class='ocrx_word' id='word_1_199' title='bbox 1009 2289 1045 2341; x_wconf 89' lang='lat' dir='ltr'>ita</span> <span class='ocrx_word' id='word_1_200' title='bbox 1064 2288 1251 2341; x_wconf 83' lang='lat' dir='ltr'>obscuraretur</span> <span class='ocrx_word' id='word_1_201' title='bbox 1269 2286 1346 2339; x_wconf 89' lang='lat' dir='ltr'>buius</span> 
     </span>
     <span class='ocr_line' id='line_1_22' title="bbox 298 2373 1344 2450; baseline -0.006 -19"><span class='ocrx_word' id='word_1_202' title='bbox 298 2378 472 2449; x_wconf 85' lang='lat' dir='ltr'>praestantia,</span> <span class='ocrx_word' id='word_1_203' title='bbox 502 2389 532 2431; x_wconf 93' lang='lat' dir='ltr'>ut</span> <span class='ocrx_word' id='word_1_204' title='bbox 556 2377 654 2444; x_wconf 84' lang='lat' dir='ltr'>muita,</span> <span class='ocrx_word' id='word_1_205' title='bbox 684 2398 752 2450; x_wconf 88' lang='lat' dir='ltr'>qnae</span> <span class='ocrx_word' id='word_1_206' title='bbox 778 2398 793 2429; x_wconf 87' lang='lat' dir='ltr'>a</span> <span class='ocrx_word' id='word_1_207' title='bbox 811 2377 948 2430; x_wconf 85' lang='lat' dir='ltr'>Bouiierio</span> <span class='ocrx_word' id='word_1_208' title='bbox 977 2377 1054 2430; x_wconf 86' lang='lat' dir='ltr'>tacite</span> <span class='ocrx_word' id='word_1_209' title='bbox 1083 2384 1191 2446; x_wconf 87' lang='lat' dir='ltr'>accepta</span> <span class='ocrx_word' id='word_1_210' title='bbox 1215 2373 1243 2426; x_wconf 92' lang='lat' dir='ltr'>in</span> <span class='ocrx_word' id='word_1_211' title='bbox 1269 2392 1344 2426; x_wconf 88' lang='lat' dir='ltr'>suam</span> 
     </span>
     <span class='ocr_line' id='line_1_23' title="bbox 229 2464 1284 2537; baseline -0.006 -16"><span class='ocrx_word' id='word_1_212' title='bbox 229 2498 231 2502; x_wconf 21' lang='grc' dir='ltr'><strong><em>Δ</em></strong></span> <span class='ocrx_word' id='word_1_213' title='bbox 297 2466 469 2522; x_wconf 72' lang='lat' dir='ltr'>transtulisset</span> <span class='ocrx_word' id='word_1_214' title='bbox 486 2465 629 2520; x_wconf 87' lang='lat' dir='ltr'>editionem</span> <span class='ocrx_word' id='word_1_215' title='bbox 648 2468 809 2533; x_wconf 75' lang='lat' dir='ltr'>Lambinus,</span> <span class='ocrx_word' id='word_1_216' title='bbox 827 2465 948 2519; x_wconf 87' lang='lat' dir='ltr'>Lambini</span> <span class='ocrx_word' id='word_1_217' title='bbox 967 2465 1076 2537; x_wconf 80' lang='lat' dir='ltr'>ingenia</span> <span class='ocrx_word' id='word_1_218' title='bbox 1095 2464 1284 2518; x_wconf 86' lang='lat' dir='ltr'>tribuerentur.</span> 
     </span>
    </p>

    <p class='ocr_par' dir='ltr' id='par_1_7' title="bbox 298 2549 1347 3301">
     <span class='ocr_line' id='line_1_24' title="bbox 368 2549 1343 2624; baseline -0.008 -15"><span class='ocrx_word' id='word_1_219' title='bbox 368 2560 413 2609; x_wconf 88' lang='grc'>12.</span> <span class='ocrx_word' id='word_1_220' title='bbox 450 2555 503 2610; x_wconf 81' lang='lat' dir='ltr'>Cic.</span> <span class='ocrx_word' id='word_1_221' title='bbox 521 2555 552 2605; x_wconf 85' lang='lat' dir='ltr'>de</span> <span class='ocrx_word' id='word_1_222' title='bbox 573 2554 629 2624; x_wconf 79' lang='lat' dir='ltr'>Off.</span> <span class='ocrx_word' id='word_1_223' title='bbox 648 2566 698 2608; x_wconf 90' lang='lat' dir='ltr'>etc.</span> <span class='ocrx_word' id='word_1_224' title='bbox 741 2559 779 2607; x_wconf 84' lang='lat' dir='ltr'>Et</span> <span class='ocrx_word' id='word_1_225' title='bbox 803 2556 833 2607; x_wconf 91' lang='lat' dir='ltr'>in</span> <span class='ocrx_word' id='word_1_226' title='bbox 860 2555 902 2606; x_wconf 78' lang='lat' dir='ltr'>leis</span> <span class='ocrx_word' id='word_1_227' title='bbox 920 2554 1108 2605; x_wconf 83' lang='lat' dir='ltr'>animadversa</span> <span class='ocrx_word' id='word_1_228' title='bbox 1133 2549 1266 2622; x_wconf 84' lang='lat' dir='ltr'>quaedam</span> <span class='ocrx_word' id='word_1_229' title='bbox 1281 2562 1343 2618; x_wconf 83' lang='lat' dir='ltr'>post</span> 
     </span>
     <span class='ocr_line' id='line_1_25' title="bbox 298 2635 1345 2711; baseline -0.006 -19"><span class='ocrx_word' id='word_1_230' title='bbox 298 2642 425 2711; x_wconf 83' lang='lat' dir='ltr'>Dionysii</span> <span class='ocrx_word' id='word_1_231' title='bbox 442 2639 599 2692; x_wconf 82' lang='lat' dir='ltr'>Lambini</span> <span class='ocrx_word' id='word_1_232' title='bbox 617 2642 731 2694; x_wconf 85' lang='lat' dir='ltr'>omnium</span> <span class='ocrx_word' id='word_1_233' title='bbox 750 2641 982 2693; x_wconf 85' lang='lat' dir='ltr'>accuratissimam</span> <span class='ocrx_word' id='word_1_234' title='bbox 1000 2639 1140 2690; x_wconf 87' lang='lat' dir='ltr'>editionem</span> <span class='ocrx_word' id='word_1_235' title='bbox 1159 2635 1194 2688; x_wconf 83' lang='lat' dir='ltr'>ab</span> <span class='ocrx_word' id='word_1_236' title='bbox 1212 2639 1253 2689; x_wconf 86' lang='lat' dir='ltr'>Io.</span> <span class='ocrx_word' id='word_1_237' title='bbox 1273 2639 1345 2687; x_wconf 83' lang='lat' dir='ltr'>Cau-</span> 
     </span>
     <span class='ocr_line' id='line_1_26' title="bbox 298 2714 1346 2797; baseline -0.008 -17"><span class='ocrx_word' id='word_1_238' title='bbox 298 2729 372 2792; x_wconf 76' lang='lat' dir='ltr'>cbio,</span> <span class='ocrx_word' id='word_1_239' title='bbox 400 2731 475 2779; x_wconf 84' lang='lat' dir='ltr'>Corn.</span> <span class='ocrx_word' id='word_1_240' title='bbox 498 2727 605 2780; x_wconf 82' lang='lat' dir='ltr'>Valerio</span> <span class='ocrx_word' id='word_1_241' title='bbox 628 2738 656 2779; x_wconf 87' lang='lat' dir='ltr'>et</span> <span class='ocrx_word' id='word_1_242' title='bbox 675 2727 805 2780; x_wconf 84' lang='lat' dir='ltr'>Gulielmo</span> <span class='ocrx_word' id='word_1_243' title='bbox 826 2714 967 2791; x_wconf 62' lang='lat' dir='ltr'>Cantero,⁴</span> <span class='ocrx_word' id='word_1_244' title='bbox 987 2723 1173 2797; x_wconf 83' lang='lat' dir='ltr'>Uitraiectinie</span> <span class='ocrx_word' id='word_1_245' title='bbox 1198 2723 1229 2773; x_wconf 90' lang='lat' dir='ltr'>de</span> <span class='ocrx_word' id='word_1_246' title='bbox 1247 2721 1346 2774; x_wconf 86' lang='lat' dir='ltr'>studiis</span> 
     </span>
     <span class='ocr_line' id='line_1_27' title="bbox 299 2809 1345 2883; baseline -0.005 -16"><span class='ocrx_word' id='word_1_247' title='bbox 299 2814 480 2867; x_wconf 74' lang='lat' dir='ltr'>numanitatis</span> <span class='ocrx_word' id='word_1_248' title='bbox 498 2811 560 2864; x_wconf 82' lang='lat' dir='ltr'>bene</span> <span class='ocrx_word' id='word_1_249' title='bbox 578 2815 688 2867; x_wconf 89' lang='lat' dir='ltr'>meritis.</span> <span class='ocrx_word' id='word_1_250' title='bbox 724 2817 828 2868; x_wconf 88' lang='lat' dir='ltr'>Annot.</span> <span class='ocrx_word' id='word_1_251' title='bbox 845 2819 878 2868; x_wconf 86' lang='lat' dir='ltr'>P.</span> <span class='ocrx_word' id='word_1_252' title='bbox 896 2814 1018 2866; x_wconf 79' lang='lat' dir='ltr'>Manutii</span> <span class='ocrx_word' id='word_1_253' title='bbox 1036 2815 1064 2865; x_wconf 92' lang='lat' dir='ltr'>in</span> <span class='ocrx_word' id='word_1_254' title='bbox 1082 2830 1167 2883; x_wconf 77' lang='lat' dir='ltr'>marg.</span> <span class='ocrx_word' id='word_1_255' title='bbox 1185 2811 1272 2863; x_wconf 83' lang='lat' dir='ltr'>adsor.</span> <span class='ocrx_word' id='word_1_256' title='bbox 1290 2809 1345 2863; x_wconf 79' lang='lat' dir='ltr'>Ac-</span> 
     </span>
     <span class='ocr_line' id='line_1_28' title="bbox 299 2899 1346 2972; baseline -0.006 -18"><span class='ocrx_word' id='word_1_257' title='bbox 299 2919 363 2954; x_wconf 89' lang='lat' dir='ltr'>cess.</span> <span class='ocrx_word' id='word_1_258' title='bbox 391 2903 425 2950; x_wconf 90' lang='lat' dir='ltr'>D.</span> <span class='ocrx_word' id='word_1_259' title='bbox 454 2899 576 2950; x_wconf 83' lang='lat' dir='ltr'>Lambini</span> <span class='ocrx_word' id='word_1_260' title='bbox 603 2911 695 2954; x_wconf 89' lang='lat' dir='ltr'>annot.</span> <span class='ocrx_word' id='word_1_261' title='bbox 714 2930 749 2942; x_wconf 91' lang='lat'>-·</span> <span class='ocrx_word' id='word_1_262' title='bbox 783 2902 871 2954; x_wconf 85' lang='lat' dir='ltr'>Calon.</span> <span class='ocrx_word' id='word_1_263' title='bbox 902 2902 1018 2972; x_wconf 86' lang='lat' dir='ltr'>Agripp.</span> <span class='ocrx_word' id='word_1_264' title='bbox 1048 2920 1092 2970; x_wconf 87' lang='lat' dir='ltr'>op.</span> <span class='ocrx_word' id='word_1_265' title='bbox 1121 2904 1161 2951; x_wconf 88' lang='lat' dir='ltr'>Io.</span> <span class='ocrx_word' id='word_1_266' title='bbox 1190 2900 1346 2968; x_wconf 78' lang='lat' dir='ltr'>Gymnicam</span> 
     </span>
     <span class='ocr_line' id='line_1_29' title="bbox 299 2984 1347 3059; baseline -0.005 -18"><span class='ocrx_word' id='word_1_267' title='bbox 299 2991 379 3041; x_wconf 73' lang='lat' dir='ltr'>tato.</span> <span class='ocrx_word' id='word_1_268' title='bbox 394 2988 419 3040; x_wconf 85' lang='lat'>8.</span> <span class='ocrx_word' id='word_1_269' title='bbox 455 2986 555 3039; x_wconf 89' lang='lat' dir='ltr'>Decem</span> <span class='ocrx_word' id='word_1_270' title='bbox 575 2988 651 3040; x_wconf 88' lang='lat' dir='ltr'>annis</span> <span class='ocrx_word' id='word_1_271' title='bbox 673 3000 731 3059; x_wconf 90' lang='lat' dir='ltr'>post</span> <span class='ocrx_word' id='word_1_272' title='bbox 748 2988 950 3041; x_wconf 90' lang='lat' dir='ltr'>Lambiniauam</span> <span class='ocrx_word' id='word_1_273' title='bbox 966 2987 1064 3058; x_wconf 87' lang='lat' dir='ltr'>prodiit</span> <span class='ocrx_word' id='word_1_274' title='bbox 1083 2985 1147 3038; x_wconf 85' lang='lat' dir='ltr'>haec</span> <span class='ocrx_word' id='word_1_275' title='bbox 1165 2984 1260 3042; x_wconf 88' lang='lat' dir='ltr'>editio,</span> <span class='ocrx_word' id='word_1_276' title='bbox 1279 3003 1347 3055; x_wconf 87' lang='lat' dir='ltr'>quae</span> 
     </span>
     <span class='ocr_line' id='line_1_30' title="bbox 299 3071 1346 3144; baseline -0.003 -19"><span class='ocrx_word' id='word_1_277' title='bbox 299 3092 328 3125; x_wconf 83' lang='lat' dir='ltr'>ex</span> <span class='ocrx_word' id='word_1_278' title='bbox 347 3073 538 3143; x_wconf 85' lang='lat' dir='ltr'>posterioribus</span> <span class='ocrx_word' id='word_1_279' title='bbox 556 3075 611 3126; x_wconf 80' lang='lat' dir='ltr'>iere</span> <span class='ocrx_word' id='word_1_280' title='bbox 630 3074 700 3140; x_wconf 85' lang='lat' dir='ltr'>saia,</span> <span class='ocrx_word' id='word_1_281' title='bbox 724 3085 753 3127; x_wconf 93' lang='lat' dir='ltr'>ut</span> <span class='ocrx_word' id='word_1_282' title='bbox 772 3074 888 3141; x_wconf 87' lang='lat' dir='ltr'>videtur,</span> <span class='ocrx_word' id='word_1_283' title='bbox 916 3074 1038 3127; x_wconf 86' lang='lat' dir='ltr'>Lambini</span> <span class='ocrx_word' id='word_1_284' title='bbox 1058 3085 1168 3139; x_wconf 79' lang='lat' dir='ltr'>tentum,</span> <span class='ocrx_word' id='word_1_285' title='bbox 1198 3073 1244 3144; x_wconf 87' lang='lat' dir='ltr'>qui</span> <span class='ocrx_word' id='word_1_286' title='bbox 1263 3071 1346 3124; x_wconf 90' lang='lat' dir='ltr'>estin</span> 
     </span>
     <span class='ocr_line' id='line_1_31' title="bbox 298 3148 1345 3233; baseline -0.005 -20"><span class='ocrx_word' id='word_1_287' title='bbox 298 3160 347 3214; x_wconf 86' lang='lat' dir='ltr'>Ed.</span> <span class='ocrx_word' id='word_1_288' title='bbox 368 3179 392 3214; x_wconf 86' lang='lat' dir='ltr'>a.</span> <span class='ocrx_word' id='word_1_289' title='bbox 412 3163 505 3223; x_wconf 78' lang='lat'><strong>1566..</strong></span> <span class='ocrx_word' id='word_1_290' title='bbox 536 3161 591 3227; x_wconf 73' lang='lat' dir='ltr'>iere</span> <span class='ocrx_word' id='word_1_291' title='bbox 610 3162 744 3233; x_wconf 84' lang='lat' dir='ltr'>integrum</span> <span class='ocrx_word' id='word_1_292' title='bbox 764 3163 882 3230; x_wconf 86' lang='lat' dir='ltr'>exhibet,</span> <span class='ocrx_word' id='word_1_293' title='bbox 913 3173 938 3215; x_wconf 90' lang='lat' dir='ltr'>et</span> <span class='ocrx_word' id='word_1_294' title='bbox 963 3163 1000 3214; x_wconf 78' lang='lat' dir='ltr'>vix</span> <span class='ocrx_word' id='word_1_295' title='bbox 1020 3181 1074 3214; x_wconf 92' lang='lat' dir='ltr'>uno</span> <span class='ocrx_word' id='word_1_296' title='bbox 1100 3160 1214 3214; x_wconf 85' lang='lat' dir='ltr'>aiterove</span> <span class='ocrx_word' id='word_1_297' title='bbox 1234 3148 1294 3212; x_wconf 83' lang='lat' dir='ltr'>ioco</span> <span class='ocrx_word' id='word_1_298' title='bbox 1312 3158 1345 3210; x_wconf 88' lang='lat' dir='ltr'>ab</span> 
     </span>
     <span class='ocr_line' id='line_1_32' title="bbox 299 3247 458 3301; baseline 0 0"><span class='ocrx_word' id='word_1_299' title='bbox 299 3267 331 3301; x_wconf 91' lang='lat' dir='ltr'>eo</span> <span class='ocrx_word' id='word_1_300' title='bbox 350 3247 458 3301; x_wconf 90' lang='lat' dir='ltr'>recedit.</span> 
     </span>
    </p>

    <p class='ocr_par' dir='ltr' id='par_1_8' title="bbox 296 3332 1406 4106">
     <span class='ocr_line' id='line_1_33' title="bbox 369 3332 1346 3402; baseline -0.005 -14"><span class='ocrx_word' id='word_1_301' title='bbox 369 3338 413 3390; x_wconf 82' lang='grc'>13.</span> <span class='ocrx_word' id='word_1_302' title='bbox 449 3336 601 3388; x_wconf 82' lang='lat' dir='ltr'>Aadomari</span> <span class='ocrx_word' id='word_1_303' title='bbox 621 3337 716 3396; x_wconf 84' lang='lat' dir='ltr'>Talaei</span> <span class='ocrx_word' id='word_1_304' title='bbox 733 3339 932 3392; x_wconf 84' lang='lat' dir='ltr'>Praelectiones</span> <span class='ocrx_word' id='word_1_305' title='bbox 952 3340 979 3388; x_wconf 89' lang='lat' dir='ltr'>in</span> <span class='ocrx_word' id='word_1_306' title='bbox 994 3337 1140 3388; x_wconf 81' lang='lat' dir='ltr'>Ciceronem</span> <span class='ocrx_word' id='word_1_307' title='bbox 1165 3332 1346 3402; x_wconf 56' lang='lat' dir='ltr'>[Academica</span> 
     </span>
     <span class='ocr_line' id='line_1_34' title="bbox 298 3418 1348 3494; baseline -0.005 -20"><span class='ocrx_word' id='word_1_308' title='bbox 298 3422 331 3476; x_wconf 85' lang='lat' dir='ltr'>de</span> <span class='ocrx_word' id='word_1_309' title='bbox 346 3422 477 3490; x_wconf 89' lang='lat' dir='ltr'>Oratore,</span> <span class='ocrx_word' id='word_1_310' title='bbox 496 3424 577 3494; x_wconf 78' lang='lat' dir='ltr'>Tap,</span> <span class='ocrx_word' id='word_1_311' title='bbox 595 3424 749 3490; x_wconf 81' lang='lat' dir='ltr'>Paradora,</span> <span class='ocrx_word' id='word_1_312' title='bbox 769 3425 802 3477; x_wconf 90' lang='lat' dir='ltr'>de</span> <span class='ocrx_word' id='word_1_313' title='bbox 822 3425 914 3479; x_wconf 86' lang='lat' dir='ltr'>Partit.</span> <span class='ocrx_word' id='word_1_314' title='bbox 932 3427 983 3492; x_wconf 70' lang='lat' dir='ltr'>on]</span> <span class='ocrx_word' id='word_1_315' title='bbox 1005 3436 1054 3478; x_wconf 88' lang='lat' dir='ltr'>etc.</span> <span class='ocrx_word' id='word_1_316' title='bbox 1073 3441 1135 3476; x_wconf 90' lang='lat' dir='ltr'>cum</span> <span class='ocrx_word' id='word_1_317' title='bbox 1154 3421 1243 3472; x_wconf 89' lang='lat' dir='ltr'>lndice</span> <span class='ocrx_word' id='word_1_318' title='bbox 1261 3418 1348 3470; x_wconf 86' lang='lat' dir='ltr'>Fran-</span> 
     </span>
     <span class='ocr_line' id='line_1_35' title="bbox 300 3504 1348 3565; baseline -0.006 -1"><span class='ocrx_word' id='word_1_319' title='bbox 300 3511 351 3564; x_wconf 86' lang='lat' dir='ltr'>cos.</span> <span class='ocrx_word' id='word_1_320' title='bbox 367 3511 471 3565; x_wconf 89' lang='lat' dir='ltr'>baered.</span> <span class='ocrx_word' id='word_1_321' title='bbox 492 3513 521 3564; x_wconf 83' lang='lat' dir='ltr'>A.</span> <span class='ocrx_word' id='word_1_322' title='bbox 539 3509 673 3565; x_wconf 87' lang='lat' dir='ltr'>Wecbeli.</span> <span class='ocrx_word' id='word_1_323' title='bbox 689 3510 728 3563; x_wconf 89' lang='lat' dir='ltr'>M.</span> <span class='ocrx_word' id='word_1_324' title='bbox 745 3511 780 3565; x_wconf 87' lang='lat' dir='ltr'>D.</span> <span class='ocrx_word' id='word_1_325' title='bbox 799 3511 937 3564; x_wconf 83' lang='lat' dir='ltr'>LXXXlss.</span> <span class='ocrx_word' id='word_1_326' title='bbox 957 3516 981 3564; x_wconf 83' lang='lat'>8.</span> <span class='ocrx_word' id='word_1_327' title='bbox 1019 3504 1111 3563; x_wconf 73' lang='lat' dir='ltr'>insint</span> <span class='ocrx_word' id='word_1_328' title='bbox 1122 3512 1200 3562; x_wconf 88' lang='lat' dir='ltr'>etiam</span> <span class='ocrx_word' id='word_1_329' title='bbox 1210 3504 1348 3559; x_wconf 86' lang='lat' dir='ltr'>Ciceronis</span> 
     </span>
     <span class='ocr_line' id='line_1_36' title="bbox 300 3591 1347 3670; baseline -0.005 -21"><span class='ocrx_word' id='word_1_330' title='bbox 300 3598 405 3666; x_wconf 69' lang='lat' dir='ltr'>rerba}</span> <span class='ocrx_word' id='word_1_331' title='bbox 440 3599 538 3664; x_wconf 85' lang='lat' dir='ltr'>Erant,</span> <span class='ocrx_word' id='word_1_332' title='bbox 558 3600 604 3670; x_wconf 88' lang='lat' dir='ltr'>qui</span> <span class='ocrx_word' id='word_1_333' title='bbox 623 3598 758 3662; x_wconf 86' lang='lat' dir='ltr'>dicerent,</span> <span class='ocrx_word' id='word_1_334' title='bbox 784 3597 968 3652; x_wconf 83' lang='lat' dir='ltr'>Andomarum</span> <span class='ocrx_word' id='word_1_335' title='bbox 986 3599 1115 3651; x_wconf 80' lang='lat' dir='ltr'>Talaeum</span> <span class='ocrx_word' id='word_1_336' title='bbox 1140 3615 1195 3648; x_wconf 90' lang='lat' dir='ltr'>esse</span> <span class='ocrx_word' id='word_1_337' title='bbox 1212 3591 1347 3658; x_wconf 67' lang='grc' dir='ltr'>ψευδώνυ-</span> 
     </span>
     <span class='ocr_line' id='line_1_37' title="bbox 299 3680 1347 3750; baseline -0.002 -16"><span class='ocrx_word' id='word_1_338' title='bbox 299 3705 363 3749; x_wconf 79' lang='grc' dir='ltr'>μον,</span> <span class='ocrx_word' id='word_1_339' title='bbox 390 3696 416 3738; x_wconf 90' lang='lat' dir='ltr'>et</span> <span class='ocrx_word' id='word_1_340' title='bbox 434 3686 481 3738; x_wconf 91' lang='lat' dir='ltr'>sub</span> <span class='ocrx_word' id='word_1_341' title='bbox 501 3686 556 3738; x_wconf 89' lang='lat' dir='ltr'>eius</span> <span class='ocrx_word' id='word_1_342' title='bbox 576 3685 685 3738; x_wconf 89' lang='lat' dir='ltr'>nomine</span> <span class='ocrx_word' id='word_1_343' title='bbox 704 3685 785 3737; x_wconf 85' lang='lat' dir='ltr'>iatere</span> <span class='ocrx_word' id='word_1_344' title='bbox 803 3686 912 3739; x_wconf 85' lang='lat' dir='ltr'>Petrum</span> <span class='ocrx_word' id='word_1_345' title='bbox 931 3687 1063 3750; x_wconf 76' lang='lat' dir='ltr'>Remum,</span> <span class='ocrx_word' id='word_1_346' title='bbox 1090 3683 1200 3736; x_wconf 78' lang='lat' dir='ltr'>Adriani</span> <span class='ocrx_word' id='word_1_347' title='bbox 1226 3680 1347 3734; x_wconf 83' lang='lat' dir='ltr'>Ternebi</span> 
     </span>
     <span class='ocr_line' id='line_1_38' title="bbox 299 3766 1349 3836; baseline -0.005 -12"><span class='ocrx_word' id='word_1_348' title='bbox 299 3771 485 3824; x_wconf 81' lang='lat' dir='ltr'>adversarium.</span> <span class='ocrx_word' id='word_1_349' title='bbox 520 3771 573 3825; x_wconf 89' lang='lat' dir='ltr'>Sed</span> <span class='ocrx_word' id='word_1_350' title='bbox 583 3772 633 3825; x_wconf 85' lang='lat' dir='ltr'>alia</span> <span class='ocrx_word' id='word_1_351' title='bbox 645 3772 933 3828; x_wconf 66' lang='lat' dir='ltr'>docentoecherus</span> <span class='ocrx_word' id='word_1_352' title='bbox 945 3794 965 3825; x_wconf 86' lang='lat' dir='ltr'>v.</span> <span class='ocrx_word' id='word_1_353' title='bbox 977 3773 1104 3836; x_wconf 78' lang='lat' dir='ltr'>Talaeas,</span> <span class='ocrx_word' id='word_1_354' title='bbox 1119 3791 1141 3822; x_wconf 83' lang='lat' dir='ltr'>v.</span> <span class='ocrx_word' id='word_1_355' title='bbox 1154 3769 1261 3834; x_wconf 75' lang='lat' dir='ltr'>Taleae,</span> <span class='ocrx_word' id='word_1_356' title='bbox 1273 3766 1349 3820; x_wconf 84' lang='lat' dir='ltr'>cuius</span> 
     </span>
     <span class='ocr_line' id='line_1_39' title="bbox 298 3847 1347 3934; baseline -0.005 -23"><span class='ocrx_word' id='word_1_357' title='bbox 298 3877 399 3912; x_wconf 90' lang='lat' dir='ltr'>nomen</span> <span class='ocrx_word' id='word_1_358' title='bbox 417 3857 551 3913; x_wconf 82' lang='lat' dir='ltr'>Gallicum</span> <span class='ocrx_word' id='word_1_359' title='bbox 570 3859 648 3913; x_wconf 77' lang='lat' dir='ltr'>fuisse</span> <span class='ocrx_word' id='word_1_360' title='bbox 666 3860 731 3914; x_wconf 88' lang='lat' dir='ltr'>dicit</span> <span class='ocrx_word' id='word_1_361' title='bbox 751 3862 854 3913; x_wconf 66' lang='lat' dir='ltr'>&#39;inians</span> <span class='ocrx_word' id='word_1_362' title='bbox 885 3862 960 3934; x_wconf 90' lang='lat' dir='ltr'>isque</span> <span class='ocrx_word' id='word_1_363' title='bbox 978 3871 1108 3913; x_wconf 73' lang='lat' dir='ltr'>&#39;mortuus</span> <span class='ocrx_word' id='word_1_364' title='bbox 1135 3876 1190 3909; x_wconf 89' lang='lat' dir='ltr'>esse</span> <span class='ocrx_word' id='word_1_365' title='bbox 1207 3847 1305 3907; x_wconf 86' lang='lat' dir='ltr'>dicitur</span> <span class='ocrx_word' id='word_1_366' title='bbox 1323 3873 1347 3906; x_wconf 84' lang='lat' dir='ltr'>a.</span> 
     </span>
     <span class='ocr_line' id='line_1_40' title="bbox 299 3945 1406 4020; baseline -0.009 -20"><span class='ocrx_word' id='word_1_367' title='bbox 299 3950 377 4002; x_wconf 84' lang='grc'><strong>1562.</strong></span> <span class='ocrx_word' id='word_1_368' title='bbox 415 3945 607 4001; x_wconf 73' lang='lat' dir='ltr'>commentarii</span> <span class='ocrx_word' id='word_1_369' title='bbox 627 3948 683 4000; x_wconf 87' lang='lat' dir='ltr'>eius</span> <span class='ocrx_word' id='word_1_370' title='bbox 700 3947 779 4000; x_wconf 80' lang='lat' dir='ltr'>bodie</span> <span class='ocrx_word' id='word_1_371' title='bbox 798 3949 1036 4020; x_wconf 75' lang='lat' dir='ltr'>qnoquehabenr,</span> <span class='ocrx_word' id='word_1_372' title='bbox 1067 3964 1121 4018; x_wconf 88' lang='lat' dir='ltr'>qua</span> <span class='ocrx_word' id='word_1_373' title='bbox 1149 3962 1176 3996; x_wconf 92' lang='lat' dir='ltr'>se</span> <span class='ocrx_word' id='word_1_374' title='bbox 1207 3958 1348 3994; x_wconf 89' lang='lat' dir='ltr'>commen·</span> <span class='ocrx_word' id='word_1_375' title='bbox 1398 4007 1406 4019; x_wconf 23' lang='lat' dir='ltr'>N</span> 
     </span>
     <span class='ocr_line' id='line_1_41' title="bbox 296 4028 1312 4106; baseline -0.003 -20"><span class='ocrx_word' id='word_1_376' title='bbox 296 4033 376 4100; x_wconf 82' lang='lat' dir='ltr'>ilent,</span> <span class='ocrx_word' id='word_1_377' title='bbox 396 4034 423 4087; x_wconf 92' lang='lat' dir='ltr'>in</span> <span class='ocrx_word' id='word_1_378' title='bbox 442 4036 534 4105; x_wconf 74' lang='lat' dir='ltr'>primic</span> <span class='ocrx_word' id='word_1_379' title='bbox 552 4035 665 4089; x_wconf 84' lang='lat' dir='ltr'>aliarum</span> <span class='ocrx_word' id='word_1_380' title='bbox 684 4036 844 4106; x_wconf 89' lang='lat' dir='ltr'>scriptorum</span> <span class='ocrx_word' id='word_1_381' title='bbox 864 4049 981 4091; x_wconf 82' lang='lat' dir='ltr'>veterum</span> <span class='ocrx_word' id='word_1_382' title='bbox 1000 4032 1141 4089; x_wconf 87' lang='lat' dir='ltr'>commoda</span> <span class='ocrx_word' id='word_1_383' title='bbox 1160 4028 1312 4083; x_wconf 78' lang='lat' dir='ltr'>cottatione.</span> 
     </span>
    </p>

    <p class='ocr_par' dir='ltr' id='par_1_9' title="bbox 298 4118 1371 4282">
     <span class='ocr_line' id='line_1_42' title="bbox 369 4118 1371 4192; baseline -0.009 -18"><span class='ocrx_word' id='word_1_384' title='bbox 369 4124 411 4176; x_wconf 79' lang='grc'>11.</span> <span class='ocrx_word' id='word_1_385' title='bbox 449 4125 489 4185; x_wconf 76' lang='grc' dir='ltr'>Μ·</span> <span class='ocrx_word' id='word_1_386' title='bbox 511 4128 540 4176; x_wconf 87' lang='grc' dir='ltr'>Τ.</span> <span class='ocrx_word' id='word_1_387' title='bbox 560 4124 613 4178; x_wconf 78' lang='lat' dir='ltr'>Cic.</span> <span class='ocrx_word' id='word_1_388' title='bbox 631 4123 690 4192; x_wconf 67' lang='lat' dir='ltr'>Off,</span> <span class='ocrx_word' id='word_1_389' title='bbox 707 4128 767 4179; x_wconf 81' lang='lat' dir='ltr'>cat.</span> <span class='ocrx_word' id='word_1_390' title='bbox 786 4128 827 4177; x_wconf 81' lang='lat' dir='ltr'>M.</span> <span class='ocrx_word' id='word_1_391' title='bbox 847 4126 922 4178; x_wconf 85' lang='lat' dir='ltr'>Lael.</span> <span class='ocrx_word' id='word_1_392' title='bbox 939 4123 1102 4189; x_wconf 75' lang='lat' dir='ltr'>Parada-ta,</span> <span class='ocrx_word' id='word_1_393' title='bbox 1121 4122 1209 4169; x_wconf 83' lang='lat' dir='ltr'>Sama.</span> <span class='ocrx_word' id='word_1_394' title='bbox 1228 4118 1298 4186; x_wconf 83' lang='lat' dir='ltr'>Seip.</span> <span class='ocrx_word' id='word_1_395' title='bbox 1314 4133 1347 4167; x_wconf 79' lang='lat' dir='ltr'>ex</span> <span class='ocrx_word' id='word_1_396' title='bbox 1367 4186 1371 4192; x_wconf 23' lang='grc' dir='ltr'><strong><em>ι</em></strong></span> 
     </span>
     <span class='ocr_line' id='line_1_43' title="bbox 298 4200 1348 4282; baseline -0.006 -25"><span class='ocrx_word' id='word_1_397' title='bbox 298 4227 349 4261; x_wconf 83' lang='lat' dir='ltr'>ree.</span> <span class='ocrx_word' id='word_1_398' title='bbox 376 4213 399 4261; x_wconf 91' lang='grc' dir='ltr'>Ι.</span> <span class='ocrx_word' id='word_1_399' title='bbox 419 4213 450 4261; x_wconf 84' lang='lat' dir='ltr'>G.</span> <span class='ocrx_word' id='word_1_400' title='bbox 477 4212 601 4263; x_wconf 84' lang='lat' dir='ltr'>Graevii:</span> <span class='ocrx_word' id='word_1_401' title='bbox 629 4226 689 4263; x_wconf 81' lang='lat' dir='ltr'>cant</span> <span class='ocrx_word' id='word_1_402' title='bbox 703 4213 745 4267; x_wconf 69' lang='lat' dir='ltr'>ei.</span> <span class='ocrx_word' id='word_1_403' title='bbox 769 4215 841 4264; x_wconf 84' lang='lat' dir='ltr'>notia</span> <span class='ocrx_word' id='word_1_404' title='bbox 865 4223 892 4263; x_wconf 91' lang='lat' dir='ltr'>et</span> <span class='ocrx_word' id='word_1_405' title='bbox 910 4212 1024 4282; x_wconf 78' lang='lat' dir='ltr'>integris</span> <span class='ocrx_word' id='word_1_406' title='bbox 1043 4204 1196 4259; x_wconf 84' lang='lat' dir='ltr'>animadvv.</span> <span class='ocrx_word' id='word_1_407' title='bbox 1215 4200 1348 4268; x_wconf 81' lang='lat' dir='ltr'>Lambini,</span> 
     </span>
    </p>
   </div>
   <div class='ocr_carea' id='block_1_5' title="bbox 0 0 1538 4925">
    <p class='ocr_par' dir='ltr' id='par_1_10' title="bbox 0 0 1538 4925">
     <span class='ocr_line' id='line_1_44' title="bbox 0 0 1538 4925; baseline 0 0"><span class='ocrx_word' id='word_1_408' title='bbox 0 0 1538 4925; x_wconf 95' lang='lat' dir='ltr'> </span> 
     </span>
    </p>
   </div>
  </div>
 </body>
</html>
