3059 4925
290 462 361 531 100
598 485 772 532 rananoxa
801 484 996 534 arnicoruu.

286 646 325 699 ait.
362 643 432 704 Editi
455 644 592 714 nihilque
619 645 707 715 quod
723 646 892 714 exploratum
922 645 1021 696 lrabeat
1045 645 1249 714 permaturum
1278 643 1337 708 sibi,

286 751 324 785 ne
343 750 426 783 uuum
445 732 549 802 quidem
569 731 661 785 diens*
680 730 818 784 Gruter.
869 732 959 788 Edidit
977 731 1073 787 Graev.
1102 732 1185 795 nihil,
1203 733 1276 803 quod
1293 761 1336 782 -.

287 839 450 893 quamquam
478 819 557 872 etiarn
583 820 610 870 in
641 815 708 871 cod.
736 818 806 872 Pith.
838 820 937 891 reperit
963 839 1024 891 quo.
1070 818 1234 872 Sententiam
1253 819 1335 870 ‘anim

285 907 419 979 postulare
437 906 489 971 ait,
507 916 537 958 ut
554 924 616 959 cum
637 904 747 976 vulgatis
766 907 839 977 quod
856 908 1017 973 retineatur,
1045 927 1108 962 cum
1126 907 1179 961 hoc
1206 906 1266 960 velit
1289 904 1337 960 ei-

286 1014 361 1047 cern:
381 993 445 1046 nihil
465 992 538 1064 quod
564 1010 770 1063 permansurum
789 993 838 1046 sibi
857 994 929 1048 diem
947 1013 1031 1048 unum
1051 996 1215 1067 exploratum
1234 995 1336 1048 lrabeat.

286 1081 467 1146 Faccinlatua,
494 1081 539 1151 qui
558 1080 587 1133 in
607 1080 648 1133 ed.
669 1081 754 1151 prima
773 1101 842 1153 quae
862 1083 961 1154 prodiit
979 1083 1079 1138 Patavii
1103 1087 1191 1150 172⁰,
1219 1082 1337 1136 ediderat

279 1157 347 1224 'cum
366 1168 434 1222 Edd.
462 1167 595 1239 plerisque
623 1179 699 1234 vett..
727 1170 848 1241 nihilque
867 1171 938 1241 quod
955 1200 1000 1236 -,
1030 1171 1057 1222 in
1084 1170 1125 1222 ed.
1150 1187 1203 1222 aec.
1229 1169 1337 1238 (Venet.

285 1255 377 1324 1141.)
419 1254 566 1310 Gruterum
585 1265 692 1308 secutus
715 1267 770 1322 eat,
788 1276 954 1328 quamquam
971 1257 1020 1310 eibi
1040 1256 1150 1328 probari
1174 1275 1233 1308 eam
1252 1257 1337 1327 signi-

285 1344 361 1410 ficat,
389 1362 471 1415 quam
499 1341 624 1413 praetulit
641 1340 778 1396 Graevius.
825 1343 974 1397 Gruterum
1002 1354 1108 1397 secutus
1135 1353 1173 1397 eet
1201 1343 1335 1415 Verburg.

284 1430 371 1484 Etiam
389 1431 417 1482 in
436 1449 510 1500 seqq.
531 1428 609 1482 Face.
627 1429 729 1498 recepit
747 1428 814 1481 illud
833 1448 871 1482 ne
890 1450 973 1484 unum
994 1431 1131 1503 ‘quidem
1148 1431 1217 1481 diem
1234 1430 1263 1483 in
1284 1431 1333 1484 Ed.

285 1538 341 1589 pn,
359 1518 387 1569 in
406 1516 487 1570 altera
506 1516 602 1585 abjecit
619 1535 651 1568 ne
669 1544 702 1555 -
723 1516 838 1587 quidem·
874 1517 933 1571 Mr.

355 1605 437 1670 nihil,
457 1604 547 1675 quod
564 1605 734 1674 certioratum
745 1604 845 1657 tabeat
864 1624 1067 1675 permansurum
1082 1608 1133 1660 ribi
1150 1628 1232 1661 unum
1245 1607 1333 1674 diem]

284 1694 327 1747 Ad
349 1713 368 1743 v.
388 1709 591 1761 permansurum
609 1703 720 1746 annotat
747 1691 810 1746 Atd.
829 1692 918 1748 Mam:
945 1693 1067 1768 „Incerta
1088 1707 1114 1750 et
1130 1696 1261 1750 instabilia
1278 1696 1336 1749 snr-

282 1794 364 1835 tuuae
384 1782 482 1833 bonn.“
518 1778 592 1833 ldern
611 1781 683 1833 sein
703 1799 758 1834 uno
776 1780 847 1834 libro
865 1782 995 1851 reperisse
1013 1782 1050 1835 ait
1066 1782 1118 1834 sibi
1144 1784 1212 1834 diem
1231 1801 1335 1842 unum,-

284 1882 345 1924 0eto
364 1869 461 1922 habere
480 1868 530 1920 ailii
548 1887 631 1920 unum
649 1867 737 1928 diem
755 1877 896 1937 quattuor:
912 1868 964 1920 eibi
980 1887 1013 1920 ne
1032 1886 1114 1919 unum
1129 1870 1233 1940 quidem
1248 1869 1334 1928 diem,·

284 1971 350 2012 tres:
370 1976 452 2008 unum
471 1957 538 2007 diem
556 1954 621 2017 silii3
640 1955 709 2006 duo:
728 1954 780 2005 ribi
794 1955 899 2023 quidem
912 1955 987 2010 diem.
1024 1954 1092 2007 lllud
1101 1956 1248 2027 nihilque,
1265 1959 1337 2027 quod

284 2045 381 2099 liabent
398 2043 482 2096 Codd.
503 2041 551 2094 Or.
570 2039 590 2091 Ι.
610 2040 669 2091 Cra.
689 2043 715 2094 3.
732 2039 813 2093 Drsd.
832 2044 858 2093 1.
878 2040 928 2094 Ed.
945 2061 1002 2112 pre.
1027 2041 1102 2114 Mag.
1120 2046 1199 2097 1455.
1221 2042 1270 2097 Ed.
1289 2062 1335 2116 ap.

285 2136 368 2188 Meua.
387 2130 459 2183 Crat.
477 2126 597 2197 Magnol.
615 2127 719 2181 Manut.
738 2127 832 2181 Lamb.
852 2127 936 2182 suttr.
955 2130 1044 2196 Petri,
1068 2132 1334 2186 ven.14⁹2.1514.

283 2217 379 2272 Coton.
399 2219 476 2269 1516.
498 2214 576 2267 lldlb.
602 2214 671 2284 (1.1.
695 2225 721 2268 et
737 2214 776 2282 a.)
804 2215 889 2287 Lugd.
917 2219 982 2289 Arg.
999 2222 1078 2273 1515.
1101 2220 1164 2273 Par.
1181 2240 1202 2273 a.
1219 2219 1236 2275 l.
1256 2223 1334 2274 15111.

284 2310 362 2360 1512.
382 2306 461 2358 1543.
477 2301 509 2362 ll.
528 2302 612 2356 Wotf.
629 2303 690 2356 Asc.
710 2307 789 2357 1511.
808 2303 869 2356 11Ιά.
884 2308 1142 2361 1511.1552.1548.
1161 2308 1236 2360 Cam.
1245 2306 1334 2359 llerw.

283 2393 361 2447 Boul.
380 2391 454 2462 syth.
474 2391 585 2444 Lambb.
605 2389 686 2444 Goth.
705 2393 767 2447 Car.
785 2390 877 2464 Steph.
920 2392 951 2445 ln
971 2393 1037 2448 eod.
1057 2392 1129 2447 Gud.
1149 2406 1188 2448 est
1207 2394 1277 2447 nillil
1291 2403 1333 2445 eet

285 2483 372 2554 quod,
391 2481 418 2534 in
437 2483 495 2534 Cre.
513 2482 539 2533 1.
558 2480 626 2536 nihil
645 2480 750 2532 labet
771 2500 836 2551 quo
858 2483 1027 2552 exploratum
1053 2484 1152 2535 habeat
1173 2500 1333 2552 permaneu-

283 2589 343 2623 rum
360 2568 411 2622 eibi
433 2587 495 2636 per
515 2586 598 2619 unum
620 2567 702 2631 cliem3
730 2570 789 2620 Cra.
807 2574 832 2622 2.
848 2580 961 2634 certum,
987 2572 1056 2624 niltil
1078 2572 1262 2640 exploratum,
1286 2572 1334 2643 qui

282 2656 383 2709 lrabeat
409 2671 612 2724 permansurum
639 2655 690 2707 eibi
708 2675 791 2709 unum
818 2658 895 2714 diem.
931 2658 1026 2712 Dread.
1044 2663 1070 2713 1.
1089 2661 1115 2711 3.
1145 2659 1214 2708 diem
1240 2676 1332 2712 unum.

282 2744 389 2799 Habent
417 2740 469 2794 eibi
494 2742 599 2813 quidem
626 2760 709 2795 unum
736 2744 803 2795 diem
827 2745 876 2797 Ed.
897 2764 939 2816 ap.
959 2745 1044 2799 Meus.
1068 2744 1135 2798 Edd.
1161 2745 1229 2798 Ven.
1252 2746 1332 2798 1402.

284 2835 362 2889 1514.
379 2830 440 2884 Par.
460 2831 539 2884 15111.
555 2832 634 2884 tata.
653 2829 770 2883 11111...
789 2830 807 2883 1.
826 2841 894 2886 eta.
914 2832 978 2904 Arg.
1000 2834 1086 2895 1515;
1110 2830 1161 2883 sibi
1178 2830 1284 2902 quidem
1300 2849 1334 2882 ne

285 2936 368 2973 unum
385 2919 453 2969 diem
470 2916 539 2971 Edd.
557 2919 630 2971 Crat.
645 2929 672 2972 et
682 2917 743 2973 ΑΗ.
756 2922 844 2982 tatu
863 2918 914 2971 uili
931 2920 999 2972 diem
1011 2918 1333 2980 unumEd.Asc.1511.;

283 3008 335 3063 eibi
352 3025 400 3059 nec
418 3025 501 3059 unum
520 3006 588 3057 diem
607 3005 674 3058 Edd.
691 3006 792 3058 Lamb.
810 3016 837 3058 et
855 3005 957 3071 Colum
981 3007 1033 3059 sili
1056 3024 1088 3058 ne
1115 3025 1198 3058 unum
1227 3006 1333 3078 quidem

284 3095 352 3145 diem
368 3092 437 3147 Edd.
457 3091 517 3146 Ald.
535 3096 613 3147 1518.
631 3097 710 3147 1552.
729 3095 803 3147 Man.
823 3092 900 3146 Boul.
918 3092 988 3147 Sutf.
1006 3094 1078 3148 Patr.
1091 3093 1193 3149 Sturm.
1206 3093 1332 3148 ttwott.

283 3180 358 3252 Sylb.
377 3181 438 3233 Par.
457 3182 536 3235 1513.
554 3180 640 3235 llerw.
660 3182 736 3234 Cani.
754 3180 862 3252 Reliqui
879 3182 942 3235 libri
960 3182 1101 3236 nobiscum
1119 3183 1234 3247 faciunt,
1260 3198 1333 3235 eam·

284 3288 337 3342 que
355 3267 497 3322 lectionem
517 3267 595 3321 etiarn
623 3288 651 3323 ae
677 3271 705 3322 in
733 3288 790 3323 uno
819 3268 886 3325 eod.
916 3271 1044 3342 reperiare
1070 3271 1107 3325 ait
1132 3270 1194 3324 Fre.
1220 3268 1332 3339 Sylvius.

284 3358 326 3411 Ad
345 3358 423 3410 verba
442 3357 548 3411 confert
565 3356 646 3428 Borg.
665 3358 722 3410 cic.
738 3357 773 3409 de
792 3356 872 3410 Finn.
885 3355 918 3423 ll,
937 3360 983 3411 28:
1003 3360 1051 3412 An
1067 3358 1098 3408 id
1113 3356 1333 3425 exploratum

283 3445 410 3515 cuiquam
425 3453 516 3513 potest
532 3461 605 3508 eree,
623 3445 751 3515 quomodo
769 3462 825 3497 aare
843 3444 1001 3497 habiturum
1019 3446 1056 3497 eit
1076 3463 1185 3512 corpur,
1204 3462 1257 3495 non
1275 3443 1333 3495 (liro

285 3534 324 3584 acl
341 3550 464 3586 annum
483 3530 532 3583 aed
548 3531 586 3583 act
602 3531 810 3602 vesperum?
828 3531 890 3586 coll.
909 3551 959 3604 pro
979 3532 1087 3586 (larcin.
1102 3536 1147 3585 25.
1163 3531 1197 3584 tle
1215 3529 1277 3582 Seu.
1289 3532 1334 3583 tt.

284 3618 344 3689 Ego
363 3618 488 3691 quidem,
519 3620 541 3673 si
559 3619 587 3672 in
605 3618 656 3674 liae
682 3618 761 3674 huius
779 3620 832 3676 loci
851 3622 997 3676 lectionum
1014 3621 1137 3676 varietate
1164 3619 1334 3673 coniecturae

284 3706 360 3760 locus
378 3719 457 3773 earet,
477 3705 568 3759 malian
587 3706 732 3777 scriptume
750 3710 805 3759 vel
823 3728 904 3759 unum
923 3709 1007 3761 diem:
1034 3706 1120 3780 qualis
1144 3717 1183 3759 eet
1199 3704 1275 3759 locus
1299 3704 1333 3757 de

284 3793 334 3847 Or.
355 3792 389 3861 ll,
407 3799 458 3847 at:
492 3797 569 3844 Haec
592 3803 658 3845 runt
676 3795 765 3845 omnia
783 3796 883 3866 ingenii
904 3796 960 3849 vel
977 3796 1129 3849 mdioerie:
1161 3793 1236 3846 cuius
1253 3790 1331 3843 multi
1414 3852 1415 3855 Ἴ

283 3880 357 3952 apud
375 3882 534 3934 ciceronem
549 3889 612 3933 eunt
630 3879 735 3935 eimilee.
771 3882 832 3936 Mr.

354 3970 424 4019 Eum
442 3977 473 4020 tu
492 3967 621 4020 hominem
632 3968 765 4040 ferrum]
790 3969 832 4024 Ad
850 3989 910 4025 eum
927 3971 988 4026 Atd.
1008 3970 1082 4025 Man·
1101 3954 1237 4038 intelligit:
1267 3968 1333 4037 „qui

283 4048 425 4111 afortuna
445 4054 570 4127 pendet.“
616 4055 671 4109 Pro
689 4075 749 4108 eum
770 4057 821 4111 Or.
837 4057 868 4110 E.
887 4057 964 4112 habet
983 4059 1088 4110 etenim·
1124 4057 1182 4109 ca.
1201 4057 1227 4108 1.
1253 4052 1334 4108 habet

282 4148 394 4206 territ0,·
414 4147 473 4197 Cre.
491 4148 518 4196 2.
534 4162 595 4195 eum
613 4154 646 4195 tu
664 4155 807 4197 terreto
831 4146 1013 4200 bominem.
1059 4143 1139 4198 Dred.
1158 4145 1184 4197 1.
1203 4143 1238 4195 >vi
1256 4160 1333 4214 quem

281 4244 415 4286 nactur
431 4234 510 4285 eris.
562 4227 633 4284 Gud.
654 4230 686 4284 Α.
704 4242 804 4284 nactus
822 4233 881 4285 ris.
927 4233 970 4287 Ad
988 4253 1010 4287 v.
1030 4243 1137 4285 terreto*
1148 4231 1235 4301 Wytt.
1254 4228 1330 4282 haec:
