<?xml version="1.0" encoding="UTF-8"?>
<!DOCTYPE html PUBLIC "-//W3C//DTD XHTML 1.0 Transitional//EN"
    "http://www.w3.org/TR/xhtml1/DTD/xhtml1-transitional.dtd">
<html xmlns="http://www.w3.org/1999/xhtml" xml:lang="en" lang="en">
 <head>
  <title>
</title>
<meta http-equiv="Content-Type" content="text/html;charset=utf-8" />
  <meta name='ocr-system' content='tesseract 3.04.00' />
  <meta name='ocr-capabilities' content='ocr_page ocr_carea ocr_par ocr_line ocrx_word'/>
</head>
<body>
  <div class='ocr_page' id='page_1' title='image "./paradoxa01wyttgoog_0202.png"; bbox 0 0 3059 4925; ppageno 0'>
   <div class='ocr_carea' id='block_1_1' title="bbox 311 458 1031 530">
    <p class='ocr_par' dir='ltr' id='par_1_1' title="bbox 311 458 1031 530">
     <span class='ocr_line' id='line_1_1' title="bbox 311 458 1031 530; baseline 0 0"><span class='ocrx_word' id='word_1_1' title='bbox 311 458 384 530; x_wconf 86' lang='grc'><strong>160</strong></span> <span class='ocrx_word' id='word_1_2' title='bbox 639 478 811 528; x_wconf 74' lang='lat' dir='ltr'><strong>ernanum</strong></span> <span class='ocrx_word' id='word_1_3' title='bbox 838 478 1031 529; x_wconf 70' lang='lat' dir='ltr'><strong>moremur.</strong></span> 
     </span>
    </p>
   </div>
   <div class='ocr_carea' id='block_1_2' title="bbox 306 636 1429 3585">
    <p class='ocr_par' dir='ltr' id='par_1_2' title="bbox 306 636 1412 2897">
     <span class='ocr_line' id='line_1_2' title="bbox 306 636 1359 710; baseline 0.004 -20"><span class='ocrx_word' id='word_1_4' title='bbox 306 637 574 710; x_wconf 63' lang='grc'><strong>111111131811111.</strong></span> <span class='ocrx_word' id='word_1_5' title='bbox 594 641 700 691; x_wconf 84' lang='lat' dir='ltr'><strong>Camer.</strong></span> <span class='ocrx_word' id='word_1_6' title='bbox 720 636 860 691; x_wconf 74' lang='grc' dir='ltr'><strong>0111.αι;</strong></span> <span class='ocrx_word' id='word_1_7' title='bbox 884 638 909 688; x_wconf 77' lang='lat' dir='ltr'><strong>ai</strong></span> <span class='ocrx_word' id='word_1_8' title='bbox 933 639 994 690; x_wconf 70' lang='lat' dir='ltr'><strong>vieo</strong></span> <span class='ocrx_word' id='word_1_9' title='bbox 1018 639 1072 689; x_wconf 83' lang='lat' dir='ltr'><strong>sint</strong></span> <span class='ocrx_word' id='word_1_10' title='bbox 1095 637 1231 702; x_wconf 82' lang='lat' dir='ltr'><strong>breviora,</strong></span> <span class='ocrx_word' id='word_1_11' title='bbox 1257 642 1359 695; x_wconf 80' lang='lat' dir='ltr'><strong>teriora</strong></span> 
     </span>
     <span class='ocr_line' id='line_1_3' title="bbox 306 724 1359 793; baseline 0.004 -13"><span class='ocrx_word' id='word_1_12' title='bbox 306 728 464 791; x_wconf 80' lang='lat' dir='ltr'><strong>rideantur,</strong></span> <span class='ocrx_word' id='word_1_13' title='bbox 487 726 552 779; x_wconf 83' lang='lat' dir='ltr'><strong>item</strong></span> <span class='ocrx_word' id='word_1_14' title='bbox 575 724 658 793; x_wconf 73' lang='lat' dir='ltr'><strong>Lati,</strong></span> <span class='ocrx_word' id='word_1_15' title='bbox 689 726 735 780; x_wconf 77' lang='lat' dir='ltr'><strong>red</strong></span> <span class='ocrx_word' id='word_1_16' title='bbox 760 736 842 786; x_wconf 60' lang='grc'><strong>311315</strong></span> <span class='ocrx_word' id='word_1_17' title='bbox 879 724 947 778; x_wconf 81' lang='lat' dir='ltr'><strong>Edd.</strong></span> <span class='ocrx_word' id='word_1_18' title='bbox 974 725 1067 781; x_wconf 79' lang='lat' dir='ltr'><strong>Lamb.</strong></span> <span class='ocrx_word' id='word_1_19' title='bbox 1092 724 1190 780; x_wconf 80' lang='lat' dir='ltr'><strong>Goion.</strong></span> <span class='ocrx_word' id='word_1_20' title='bbox 1215 727 1248 785; x_wconf 81' lang='lat' dir='ltr'><strong>H.</strong></span> <span class='ocrx_word' id='word_1_21' title='bbox 1272 730 1359 784; x_wconf 80' lang='lat' dir='ltr'><strong>Wolf.</strong></span> 
     </span>
     <span class='ocr_line' id='line_1_4' title="bbox 311 812 1356 884; baseline 0 -15"><span class='ocrx_word' id='word_1_22' title='bbox 311 816 376 869; x_wconf 83' lang='lat' dir='ltr'><strong>Viru</strong></span> <span class='ocrx_word' id='word_1_23' title='bbox 395 824 460 868; x_wconf 81' lang='lat' dir='ltr'><strong>runt</strong></span> <span class='ocrx_word' id='word_1_24' title='bbox 479 812 608 880; x_wconf 74' lang='lat' dir='ltr'><strong>breviora,</strong></span> <span class='ocrx_word' id='word_1_25' title='bbox 627 814 727 868; x_wconf 85' lang='lat' dir='ltr'><strong>teriora</strong></span> <span class='ocrx_word' id='word_1_26' title='bbox 746 813 795 884; x_wconf 78' lang='lat' dir='ltr'><strong>qui</strong></span> <span class='ocrx_word' id='word_1_27' title='bbox 809 823 938 883; x_wconf 70' lang='lat' dir='ltr'><strong>possunt,</strong></span> <span class='ocrx_word' id='word_1_28' title='bbox 956 832 1039 883; x_wconf 83' lang='lat' dir='ltr'><strong>quum</strong></span> <span class='ocrx_word' id='word_1_29' title='bbox 1059 835 1109 878; x_wconf 65' lang='grc' dir='ltr'><strong>-ς</strong></span> <span class='ocrx_word' id='word_1_30' title='bbox 1124 813 1193 868; x_wconf 83' lang='lat' dir='ltr'><strong>Edd.</strong></span> <span class='ocrx_word' id='word_1_31' title='bbox 1212 814 1273 868; x_wconf 86' lang='lat' dir='ltr'><strong>Par.</strong></span> <span class='ocrx_word' id='word_1_32' title='bbox 1292 836 1311 868; x_wconf 88' lang='lat' dir='ltr'><strong>s.</strong></span> <span class='ocrx_word' id='word_1_33' title='bbox 1333 836 1356 869; x_wconf 91' lang='lat' dir='ltr'><strong>a.</strong></span> 
     </span>
     <span class='ocr_line' id='line_1_5' title="bbox 308 899 1357 974; baseline 0 -18"><span class='ocrx_word' id='word_1_34' title='bbox 308 914 333 956; x_wconf 85' lang='lat' dir='ltr'><strong>et</strong></span> <span class='ocrx_word' id='word_1_35' title='bbox 353 901 413 954; x_wconf 74' lang='lat' dir='ltr'><strong>Asu.</strong></span> <span class='ocrx_word' id='word_1_36' title='bbox 432 904 511 955; x_wconf 77' lang='grc'><strong>1111.</strong></span> <span class='ocrx_word' id='word_1_37' title='bbox 530 919 599 972; x_wconf 79' lang='lat' dir='ltr'><strong>quoe</strong></span> <span class='ocrx_word' id='word_1_38' title='bbox 619 903 649 953; x_wconf 81' lang='lat' dir='ltr'><strong>ei</strong></span> <span class='ocrx_word' id='word_1_39' title='bbox 666 910 751 954; x_wconf 80' lang='lat' dir='ltr'><strong>eunt</strong></span> <span class='ocrx_word' id='word_1_40' title='bbox 769 901 829 953; x_wconf 82' lang='lat' dir='ltr'><strong>vieo</strong></span> <span class='ocrx_word' id='word_1_41' title='bbox 847 899 985 953; x_wconf 77' lang='lat' dir='ltr'><strong>breviora:</strong></span> <span class='ocrx_word' id='word_1_42' title='bbox 1012 901 1114 954; x_wconf 78' lang='lat' dir='ltr'><strong>leviora</strong></span> <span class='ocrx_word' id='word_1_43' title='bbox 1140 902 1187 974; x_wconf 84' lang='lat' dir='ltr'><strong>qui</strong></span> <span class='ocrx_word' id='word_1_44' title='bbox 1202 916 1357 973; x_wconf 74' lang='lat' dir='ltr'><strong>puerunt</strong></span> 
     </span>
     <span class='ocr_line' id='line_1_6' title="bbox 306 986 1357 1061; baseline 0.002 -20"><span class='ocrx_word' id='word_1_45' title='bbox 306 991 399 1044; x_wconf 85' lang='lat' dir='ltr'><strong>videri.</strong></span> <span class='ocrx_word' id='word_1_46' title='bbox 446 988 509 1042; x_wconf 84' lang='lat' dir='ltr'><strong>Sola</strong></span> <span class='ocrx_word' id='word_1_47' title='bbox 529 989 597 1043; x_wconf 88' lang='lat' dir='ltr'><strong>Ven.</strong></span> <span class='ocrx_word' id='word_1_48' title='bbox 615 991 700 1043; x_wconf 81' lang='lat'><strong>1514:</strong></span> <span class='ocrx_word' id='word_1_49' title='bbox 730 987 767 1042; x_wconf 84' lang='lat' dir='ltr'><strong>Si</strong></span> <span class='ocrx_word' id='word_1_50' title='bbox 784 1005 850 1039; x_wconf 82' lang='lat' dir='ltr'><strong>eno</strong></span> <span class='ocrx_word' id='word_1_51' title='bbox 865 987 921 1039; x_wconf 82' lang='lat' dir='ltr'><strong>eint</strong></span> <span class='ocrx_word' id='word_1_52' title='bbox 939 986 1074 1039; x_wconf 83' lang='lat' dir='ltr'><strong>breviora:</strong></span> <span class='ocrx_word' id='word_1_53' title='bbox 1099 987 1271 1061; x_wconf 77' lang='lat' dir='ltr'><em>levioraque</em></span> <span class='ocrx_word' id='word_1_54' title='bbox 1294 1009 1357 1059; x_wconf 83' lang='lat' dir='ltr'><strong>por-</strong></span> 
     </span>
     <span class='ocr_line' id='line_1_7' title="bbox 307 1073 1358 1147; baseline -0.004 -15"><span class='ocrx_word' id='word_1_55' title='bbox 307 1081 362 1132; x_wconf 73' lang='lat' dir='ltr'><strong>sint</strong></span> <span class='ocrx_word' id='word_1_56' title='bbox 379 1078 461 1131; x_wconf 71' lang='lat' dir='ltr'><strong>oniti</strong></span> <span class='ocrx_word' id='word_1_57' title='bbox 484 1077 550 1147; x_wconf 81' lang='lat' dir='ltr'><strong>(sio;</strong></span> <span class='ocrx_word' id='word_1_58' title='bbox 580 1097 615 1132; x_wconf 86' lang='lat' dir='ltr'><strong>an</strong></span> <span class='ocrx_word' id='word_1_59' title='bbox 641 1074 723 1129; x_wconf 83' lang='lat' dir='ltr'><strong>voluit</strong></span> <span class='ocrx_word' id='word_1_60' title='bbox 746 1074 834 1128; x_wconf 87' lang='lat' dir='ltr'><strong>editor</strong></span> <span class='ocrx_word' id='word_1_61' title='bbox 852 1073 998 1142; x_wconf 72' lang='lat' dir='ltr'><strong>ostendit).</strong></span> <span class='ocrx_word' id='word_1_62' title='bbox 1035 1074 1102 1128; x_wconf 82' lang='lat' dir='ltr'><strong>eod.</strong></span> <span class='ocrx_word' id='word_1_63' title='bbox 1130 1075 1225 1130; x_wconf 90' lang='lat' dir='ltr'><strong>Duisb.</strong></span> <span class='ocrx_word' id='word_1_64' title='bbox 1247 1078 1273 1128; x_wconf 77' lang='lat' dir='ltr'><strong>ai</strong></span> <span class='ocrx_word' id='word_1_65' title='bbox 1299 1078 1358 1129; x_wconf 81' lang='lat' dir='ltr'><strong>visa</strong></span> 
     </span>
     <span class='ocr_line' id='line_1_8' title="bbox 308 1161 1356 1232; baseline -0.004 -11"><span class='ocrx_word' id='word_1_66' title='bbox 308 1177 372 1221; x_wconf 79' lang='lat' dir='ltr'><strong>aunt</strong></span> <span class='ocrx_word' id='word_1_67' title='bbox 389 1166 517 1219; x_wconf 78' lang='lat' dir='ltr'><strong>breviora.</strong></span> <span class='ocrx_word' id='word_1_68' title='bbox 551 1166 652 1218; x_wconf 83' lang='lat' dir='ltr'><strong>leviora</strong></span> <span class='ocrx_word' id='word_1_69' title='bbox 680 1163 713 1215; x_wconf 74' lang='lat' dir='ltr'><strong>vi</strong></span> <span class='ocrx_word' id='word_1_70' title='bbox 721 1162 876 1212; x_wconf 82' lang='lat' dir='ltr'><strong>deantur</strong></span> <span class='ocrx_word' id='word_1_71' title='bbox 903 1181 967 1232; x_wconf 82' lang='lat' dir='ltr'><strong>quo</strong></span> <span class='ocrx_word' id='word_1_72' title='bbox 990 1161 1095 1231; x_wconf 71' lang='lat' dir='ltr'><strong>possint</strong></span> <span class='ocrx_word' id='word_1_73' title='bbox 1121 1162 1214 1218; x_wconf 80' lang='lat' dir='ltr'><strong>videri.</strong></span> <span class='ocrx_word' id='word_1_74' title='bbox 1250 1162 1356 1217; x_wconf 84' lang='lat' dir='ltr'><strong>Suerin.</strong></span> 
     </span>
     <span class='ocr_line' id='line_1_9' title="bbox 308 1244 1359 1325; baseline -0.003 -20"><span class='ocrx_word' id='word_1_75' title='bbox 308 1271 377 1325; x_wconf 81' lang='lat' dir='ltr'><strong>quae</strong></span> <span class='ocrx_word' id='word_1_76' title='bbox 396 1254 496 1304; x_wconf 79' lang='lat' dir='ltr'><strong>riviro</strong></span> <span class='ocrx_word' id='word_1_77' title='bbox 515 1250 739 1304; x_wconf 77' lang='lat' dir='ltr'><strong>euntleviora</strong></span> <span class='ocrx_word' id='word_1_78' title='bbox 758 1248 789 1299; x_wconf 79' lang='lat' dir='ltr'><strong>ai</strong></span> <span class='ocrx_word' id='word_1_79' title='bbox 808 1244 1226 1318; x_wconf 79' lang='lat' dir='ltr'><strong>brevioraquipoeount-,·</strong></span> <span class='ocrx_word' id='word_1_80' title='bbox 1246 1249 1359 1304; x_wconf 90' lang='lat' dir='ltr'><strong>Gud.A.</strong></span> 
     </span>
     <span class='ocr_line' id='line_1_10' title="bbox 308 1333 1358 1410; baseline -0.003 -17"><span class='ocrx_word' id='word_1_81' title='bbox 308 1340 339 1394; x_wconf 91' lang='lat' dir='ltr'><strong>B.</strong></span> <span class='ocrx_word' id='word_1_82' title='bbox 359 1341 421 1393; x_wconf 85' lang='lat' dir='ltr'><strong>item</strong></span> <span class='ocrx_word' id='word_1_83' title='bbox 442 1339 569 1394; x_wconf 88' lang='lat' dir='ltr'><strong>omittunt</strong></span> <span class='ocrx_word' id='word_1_84' title='bbox 588 1356 671 1410; x_wconf 83' lang='lat' dir='ltr'><strong>quoe,</strong></span> <span class='ocrx_word' id='word_1_85' title='bbox 699 1348 756 1390; x_wconf 86' lang='lat' dir='ltr'><strong>turn</strong></span> <span class='ocrx_word' id='word_1_86' title='bbox 774 1333 808 1388; x_wconf 80' lang='grc' dir='ltr'><strong>Α.</strong></span> <span class='ocrx_word' id='word_1_87' title='bbox 827 1334 971 1391; x_wconf 75' lang='lat' dir='ltr'><strong>interiora.</strong></span> <span class='ocrx_word' id='word_1_88' title='bbox 999 1354 1050 1405; x_wconf 86' lang='lat' dir='ltr'><strong>pro</strong></span> <span class='ocrx_word' id='word_1_89' title='bbox 1068 1335 1169 1388; x_wconf 78' lang='lat' dir='ltr'><strong>leviora</strong></span> <span class='ocrx_word' id='word_1_90' title='bbox 1179 1357 1190 1398; x_wconf 91' lang='lat'><strong>,·</strong></span> <span class='ocrx_word' id='word_1_91' title='bbox 1217 1338 1247 1389; x_wconf 87' lang='lat' dir='ltr'><strong>B.</strong></span> <span class='ocrx_word' id='word_1_92' title='bbox 1265 1357 1297 1389; x_wconf 87' lang='lat' dir='ltr'><strong>ea</strong></span> <span class='ocrx_word' id='word_1_93' title='bbox 1316 1341 1358 1390; x_wconf 83' lang='lat' dir='ltr'><strong>di-</strong></span> 
     </span>
     <span class='ocr_line' id='line_1_11' title="bbox 309 1421 1359 1501; baseline -0.003 -21"><span class='ocrx_word' id='word_1_94' title='bbox 309 1448 378 1494; x_wconf 87' lang='lat' dir='ltr'><strong>cere,</strong></span> <span class='ocrx_word' id='word_1_95' title='bbox 397 1448 447 1501; x_wconf 89' lang='lat' dir='ltr'><strong>pro</strong></span> <span class='ocrx_word' id='word_1_96' title='bbox 465 1428 567 1488; x_wconf 66' lang='grc'><strong>1111111,-</strong></span> <span class='ocrx_word' id='word_1_97' title='bbox 586 1426 620 1479; x_wconf 80' lang='lat' dir='ltr'><strong>A.</strong></span> <span class='ocrx_word' id='word_1_98' title='bbox 639 1424 736 1479; x_wconf 89' lang='lat' dir='ltr'><strong>omittit</strong></span> <span class='ocrx_word' id='word_1_99' title='bbox 755 1422 854 1487; x_wconf 79' lang='lat' dir='ltr'><strong>videri,</strong></span> <span class='ocrx_word' id='word_1_100' title='bbox 872 1440 969 1493; x_wconf 82' lang='lat' dir='ltr'><strong>quum:</strong></span> <span class='ocrx_word' id='word_1_101' title='bbox 989 1431 1101 1494; x_wconf 90' lang='lat' dir='ltr'><strong>uterque</strong></span> <span class='ocrx_word' id='word_1_102' title='bbox 1119 1421 1197 1476; x_wconf 86' lang='lat' dir='ltr'><strong>habet</strong></span> <span class='ocrx_word' id='word_1_103' title='bbox 1216 1426 1278 1497; x_wconf 80' lang='lat' dir='ltr'><strong>quie</strong></span> <span class='ocrx_word' id='word_1_104' title='bbox 1293 1444 1359 1494; x_wconf 78' lang='lat' dir='ltr'><strong>poe-</strong></span> 
     </span>
     <span class='ocr_line' id='line_1_12' title="bbox 307 1508 1359 1587; baseline -0.006 -17"><span class='ocrx_word' id='word_1_105' title='bbox 307 1520 352 1575; x_wconf 79' lang='lat' dir='ltr'><strong>rit.</strong></span> <span class='ocrx_word' id='word_1_106' title='bbox 388 1516 468 1569; x_wconf 77' lang='lat' dir='ltr'><strong>Drod.</strong></span> <span class='ocrx_word' id='word_1_107' title='bbox 484 1519 510 1569; x_wconf 87' lang='grc'><strong>1.</strong></span> <span class='ocrx_word' id='word_1_108' title='bbox 528 1533 598 1587; x_wconf 79' lang='lat' dir='ltr'><strong>quoe</strong></span> <span class='ocrx_word' id='word_1_109' title='bbox 617 1512 729 1567; x_wconf 80' lang='lat' dir='ltr'><strong>tumui</strong></span> <span class='ocrx_word' id='word_1_110' title='bbox 747 1509 873 1562; x_wconf 82' lang='lat' dir='ltr'><strong>brevio</strong></span> <span class='ocrx_word' id='word_1_111' title='bbox 903 1508 962 1560; x_wconf 76' lang='lat' dir='ltr'><strong>vira</strong></span> <span class='ocrx_word' id='word_1_112' title='bbox 980 1521 1064 1563; x_wconf 79' lang='lat' dir='ltr'><strong>eunt</strong></span> <span class='ocrx_word' id='word_1_113' title='bbox 1094 1509 1229 1575; x_wconf 79' lang='lat' dir='ltr'><strong>breviora,</strong></span> <span class='ocrx_word' id='word_1_114' title='bbox 1257 1512 1359 1564; x_wconf 81' lang='lat' dir='ltr'><strong>leviora</strong></span> 
     </span>
     <span class='ocr_line' id='line_1_13' title="bbox 311 1597 1359 1675; baseline -0.006 -18"><span class='ocrx_word' id='word_1_115' title='bbox 311 1605 500 1657; x_wconf 79' lang='lat' dir='ltr'><strong>videantur</strong></span> <span class='ocrx_word' id='word_1_116' title='bbox 520 1603 567 1675; x_wconf 85' lang='lat' dir='ltr'><strong>qui</strong></span> <span class='ocrx_word' id='word_1_117' title='bbox 586 1602 670 1653; x_wconf 76' lang='lat' dir='ltr'><strong>rideri</strong></span> <span class='ocrx_word' id='word_1_118' title='bbox 683 1607 861 1670; x_wconf 64' lang='lat' dir='ltr'><strong>persecuto</strong></span> <span class='ocrx_word' id='word_1_119' title='bbox 880 1597 961 1650; x_wconf 73' lang='lat' dir='ltr'><strong>Drsd.</strong></span> <span class='ocrx_word' id='word_1_120' title='bbox 981 1602 1005 1649; x_wconf 76' lang='grc'><strong>2.</strong></span> <span class='ocrx_word' id='word_1_121' title='bbox 1025 1599 1049 1649; x_wconf 80' lang='lat' dir='ltr'><strong>oi</strong></span> <span class='ocrx_word' id='word_1_122' title='bbox 1066 1599 1126 1649; x_wconf 82' lang='lat' dir='ltr'><strong>viso</strong></span> <span class='ocrx_word' id='word_1_123' title='bbox 1144 1609 1209 1650; x_wconf 79' lang='lat' dir='ltr'><strong>sunt</strong></span> <span class='ocrx_word' id='word_1_124' title='bbox 1229 1598 1359 1665; x_wconf 80' lang='lat' dir='ltr'><strong>breviora,</strong></span> 
     </span>
     <span class='ocr_line' id='line_1_14' title="bbox 307 1683 1359 1763; baseline -0.013 -20"><span class='ocrx_word' id='word_1_125' title='bbox 307 1692 408 1743; x_wconf 81' lang='lat' dir='ltr'><strong>leviora</strong></span> <span class='ocrx_word' id='word_1_126' title='bbox 428 1693 474 1763; x_wconf 88' lang='lat' dir='ltr'><strong>qui</strong></span> <span class='ocrx_word' id='word_1_127' title='bbox 489 1690 613 1759; x_wconf 73' lang='lat' dir='ltr'><strong>possint,</strong></span> <span class='ocrx_word' id='word_1_128' title='bbox 642 1708 725 1760; x_wconf 84' lang='lat' dir='ltr'><strong>quum</strong></span> <span class='ocrx_word' id='word_1_129' title='bbox 744 1715 787 1744; x_wconf 87' lang='lat'><strong>-‚</strong></span> <span class='ocrx_word' id='word_1_130' title='bbox 806 1684 887 1737; x_wconf 80' lang='lat' dir='ltr'><strong>Drrd.</strong></span> <span class='ocrx_word' id='word_1_131' title='bbox 906 1686 932 1739; x_wconf 75' lang='grc'><strong>3.</strong></span> <span class='ocrx_word' id='word_1_132' title='bbox 951 1693 983 1735; x_wconf 88' lang='lat' dir='ltr'><strong>et</strong></span> <span class='ocrx_word' id='word_1_133' title='bbox 1000 1683 1030 1736; x_wconf 77' lang='lat' dir='ltr'><strong>ei</strong></span> <span class='ocrx_word' id='word_1_134' title='bbox 1047 1702 1111 1737; x_wconf 77' lang='lat' dir='ltr'><strong>aua</strong></span> <span class='ocrx_word' id='word_1_135' title='bbox 1130 1685 1190 1737; x_wconf 82' lang='lat' dir='ltr'><strong>visu</strong></span> <span class='ocrx_word' id='word_1_136' title='bbox 1207 1697 1273 1737; x_wconf 81' lang='lat' dir='ltr'><strong>eunt</strong></span> <span class='ocrx_word' id='word_1_137' title='bbox 1301 1694 1359 1754; x_wconf 71' lang='lat' dir='ltr'><strong>(ce.</strong></span> 
     </span>
     <span class='ocr_line' id='line_1_15' title="bbox 309 1771 1359 1845; baseline -0.008 -12"><span class='ocrx_word' id='word_1_138' title='bbox 309 1792 363 1834; x_wconf 90' lang='lat' dir='ltr'><strong>tera</strong></span> <span class='ocrx_word' id='word_1_139' title='bbox 379 1790 409 1832; x_wconf 90' lang='lat' dir='ltr'><strong>ut</strong></span> <span class='ocrx_word' id='word_1_140' title='bbox 426 1778 507 1832; x_wconf 74' lang='lat' dir='ltr'><strong>Drsd.</strong></span> <span class='ocrx_word' id='word_1_141' title='bbox 525 1781 564 1843; x_wconf 78' lang='lat'><strong>1.)</strong></span> <span class='ocrx_word' id='word_1_142' title='bbox 582 1776 663 1830; x_wconf 79' lang='lat' dir='ltr'><strong>Dred.</strong></span> <span class='ocrx_word' id='word_1_143' title='bbox 673 1780 699 1830; x_wconf 85' lang='lat'><strong>4.</strong></span> <span class='ocrx_word' id='word_1_144' title='bbox 721 1774 819 1827; x_wconf 88' lang='lat' dir='ltr'><strong>omittit</strong></span> <span class='ocrx_word' id='word_1_145' title='bbox 838 1791 908 1845; x_wconf 85' lang='lat' dir='ltr'><strong>quoe</strong></span> <span class='ocrx_word' id='word_1_146' title='bbox 929 1801 963 1810; x_wconf 92' lang='lat'><em>-</em></span> <span class='ocrx_word' id='word_1_147' title='bbox 984 1771 1118 1836; x_wconf 82' lang='lat' dir='ltr'><strong>breviore,</strong></span> <span class='ocrx_word' id='word_1_148' title='bbox 1136 1785 1193 1826; x_wconf 86' lang='lat' dir='ltr'><strong>tum</strong></span> <span class='ocrx_word' id='word_1_149' title='bbox 1212 1775 1311 1845; x_wconf 81' lang='lat' dir='ltr'><strong>pergit:</strong></span> <span class='ocrx_word' id='word_1_150' title='bbox 1331 1778 1359 1827; x_wconf 83' lang='lat' dir='ltr'><strong>ei</strong></span> 
     </span>
     <span class='ocr_line' id='line_1_16' title="bbox 306 1848 1360 1937; baseline -0.005 -19"><span class='ocrx_word' id='word_1_151' title='bbox 306 1866 440 1922; x_wconf 78' lang='lat' dir='ltr'><strong>leviora</strong></span> <span class='ocrx_word' id='word_1_152' title='bbox 459 1848 626 1937; x_wconf 70' lang='lat' dir='ltr'><strong>quinquie</strong></span> <span class='ocrx_word' id='word_1_153' title='bbox 644 1864 759 1935; x_wconf 81' lang='lat' dir='ltr'><strong>poerit</strong></span> <span class='ocrx_word' id='word_1_154' title='bbox 778 1881 815 1914; x_wconf 86' lang='lat' dir='ltr'><strong>eo</strong></span> <span class='ocrx_word' id='word_1_155' title='bbox 835 1861 963 1925; x_wconf 82' lang='lat' dir='ltr'><strong>dicere,</strong></span> <span class='ocrx_word' id='word_1_156' title='bbox 981 1880 1063 1933; x_wconf 86' lang='lat' dir='ltr'><strong>quum</strong></span> <span class='ocrx_word' id='word_1_157' title='bbox 1081 1889 1129 1926; x_wconf 94' lang='lat'><strong>-,</strong></span> <span class='ocrx_word' id='word_1_158' title='bbox 1157 1861 1237 1914; x_wconf 86' lang='lat' dir='ltr'><strong>Drsd.</strong></span> <span class='ocrx_word' id='word_1_159' title='bbox 1256 1867 1281 1916; x_wconf 83' lang='lat'><strong>5.</strong></span> <span class='ocrx_word' id='word_1_160' title='bbox 1299 1864 1360 1914; x_wconf 81' lang='lat' dir='ltr'><strong>red</strong></span> 
     </span>
     <span class='ocr_line' id='line_1_17' title="bbox 307 1947 1356 2019; baseline -0.006 -13"><span class='ocrx_word' id='word_1_161' title='bbox 307 1954 433 2005; x_wconf 76' lang='lat' dir='ltr'><strong>iraenei</strong></span> <span class='ocrx_word' id='word_1_162' title='bbox 452 1954 511 2005; x_wconf 79' lang='lat' dir='ltr'><strong>visa</strong></span> <span class='ocrx_word' id='word_1_163' title='bbox 530 1962 594 2004; x_wconf 79' lang='lat' dir='ltr'><strong>eunt</strong></span> <span class='ocrx_word' id='word_1_164' title='bbox 613 1951 704 2005; x_wconf 65' lang='lat' dir='ltr'><strong>huet</strong></span> <span class='ocrx_word' id='word_1_165' title='bbox 723 1947 840 2018; x_wconf 66' lang='lat' dir='ltr'><strong>lemqui</strong></span> <span class='ocrx_word' id='word_1_166' title='bbox 865 1948 978 2016; x_wconf 73' lang='lat' dir='ltr'><strong>possint.</strong></span> <span class='ocrx_word' id='word_1_167' title='bbox 1005 1949 1133 2019; x_wconf 79' lang='lat' dir='ltr'><strong>quioquid</strong></span> <span class='ocrx_word' id='word_1_168' title='bbox 1147 1958 1279 2017; x_wconf 80' lang='lat' dir='ltr'><strong><em>peccetur.</em></strong></span> <span class='ocrx_word' id='word_1_169' title='bbox 1326 1948 1356 2000; x_wconf 82' lang='lat' dir='ltr'><strong>in</strong></span> 
     </span>
     <span class='ocr_line' id='line_1_18' title="bbox 307 2021 1357 2107; baseline -0.008 -12"><span class='ocrx_word' id='word_1_170' title='bbox 307 2043 358 2097; x_wconf 83' lang='lat' dir='ltr'><strong>hac</strong></span> <span class='ocrx_word' id='word_1_171' title='bbox 376 2052 447 2095; x_wconf 82' lang='grc'><strong>131113</strong></span> <span class='ocrx_word' id='word_1_172' title='bbox 465 2021 791 2093; x_wconf 74' lang='lat' dir='ltr'><strong>teutonum&#39;eontusione</strong></span> <span class='ocrx_word' id='word_1_173' title='bbox 809 2043 914 2086; x_wconf 81' lang='lat' dir='ltr'><strong>secutus</strong></span> <span class='ocrx_word' id='word_1_174' title='bbox 941 2052 1000 2086; x_wconf 80' lang='lat' dir='ltr'><strong>sum</strong></span> <span class='ocrx_word' id='word_1_175' title='bbox 1025 2052 1084 2087; x_wconf 85' lang='lat' dir='ltr'><strong>eam</strong></span> <span class='ocrx_word' id='word_1_176' title='bbox 1102 2033 1259 2100; x_wconf 84' lang='lat' dir='ltr'><strong>lectionem,</strong></span> <span class='ocrx_word' id='word_1_177' title='bbox 1289 2055 1357 2107; x_wconf 85' lang='lat' dir='ltr'><strong>quae</strong></span> 
     </span>
     <span class='ocr_line' id='line_1_19' title="bbox 309 2122 1358 2201; baseline -0.008 -20"><span class='ocrx_word' id='word_1_178' title='bbox 309 2130 427 2201; x_wconf 82' lang='lat' dir='ltr'>proxime</span> <span class='ocrx_word' id='word_1_179' title='bbox 454 2126 557 2179; x_wconf 86' lang='lat' dir='ltr'><strong>accedit</strong></span> <span class='ocrx_word' id='word_1_180' title='bbox 583 2125 616 2178; x_wconf 90' lang='lat' dir='ltr'><strong>ad</strong></span> <span class='ocrx_word' id='word_1_181' title='bbox 640 2122 823 2189; x_wconf 81' lang='lat' dir='ltr'><strong>Orellianam,</strong></span> <span class='ocrx_word' id='word_1_182' title='bbox 851 2122 887 2173; x_wconf 95' lang='grc'><strong>113</strong></span> <span class='ocrx_word' id='word_1_183' title='bbox 914 2132 1019 2188; x_wconf 87' lang='lat' dir='ltr'><strong>tamen,</strong></span> <span class='ocrx_word' id='word_1_184' title='bbox 1049 2130 1078 2175; x_wconf 89' lang='lat' dir='ltr'><strong>ut</strong></span> <span class='ocrx_word' id='word_1_185' title='bbox 1107 2122 1213 2176; x_wconf 80' lang='lat' dir='ltr'>ederem</span> <span class='ocrx_word' id='word_1_186' title='bbox 1236 2136 1358 2193; x_wconf 78' lang='lat' dir='ltr'><strong>possunt,</strong></span> 
     </span>
     <span class='ocr_line' id='line_1_20' title="bbox 309 2208 1359 2288; baseline -0.003 -21"><span class='ocrx_word' id='word_1_187' title='bbox 309 2215 398 2288; x_wconf 88' lang='lat' dir='ltr'><strong>quod,</strong></span> <span class='ocrx_word' id='word_1_188' title='bbox 417 2224 447 2267; x_wconf 88' lang='lat' dir='ltr'><strong>ut</strong></span> <span class='ocrx_word' id='word_1_189' title='bbox 466 2212 593 2278; x_wconf 86' lang='lat' dir='ltr'><strong>vidimus,</strong></span> <span class='ocrx_word' id='word_1_190' title='bbox 613 2222 650 2264; x_wconf 82' lang='lat' dir='ltr'><strong>est</strong></span> <span class='ocrx_word' id='word_1_191' title='bbox 666 2210 694 2263; x_wconf 88' lang='lat' dir='ltr'><strong>in</strong></span> <span class='ocrx_word' id='word_1_192' title='bbox 713 2209 817 2282; x_wconf 78' lang='lat' dir='ltr'><strong>aliquot</strong></span> <span class='ocrx_word' id='word_1_193' title='bbox 834 2208 908 2261; x_wconf 80' lang='lat' dir='ltr'><strong>libris</strong></span> <span class='ocrx_word' id='word_1_194' title='bbox 926 2208 1075 2281; x_wconf 21' lang='lat' dir='ltr'><strong>scriptis-et</strong></span> <span class='ocrx_word' id='word_1_195' title='bbox 1092 2209 1181 2274; x_wconf 82' lang='lat' dir='ltr'><strong>editis,</strong></span> <span class='ocrx_word' id='word_1_196' title='bbox 1200 2211 1359 2280; x_wconf 60' lang='grc'><strong>(1111111331-</strong></span> 
     </span>
     <span class='ocr_line' id='line_1_21' title="bbox 308 2296 1359 2358; baseline -0.004 -1"><span class='ocrx_word' id='word_1_197' title='bbox 308 2302 407 2358; x_wconf 87' lang='lat' dir='ltr'><strong>cedunt</strong></span> <span class='ocrx_word' id='word_1_198' title='bbox 425 2299 511 2354; x_wconf 87' lang='lat' dir='ltr'><strong>Codd.</strong></span> <span class='ocrx_word' id='word_1_199' title='bbox 531 2301 611 2352; x_wconf 89' lang='lat' dir='ltr'><strong>Bern.</strong></span> <span class='ocrx_word' id='word_1_200' title='bbox 630 2297 689 2352; x_wconf 80' lang='lat' dir='ltr'><strong>Cre.</strong></span> <span class='ocrx_word' id='word_1_201' title='bbox 707 2302 732 2351; x_wconf 92' lang='lat'><strong>1.</strong></span> <span class='ocrx_word' id='word_1_202' title='bbox 764 2309 790 2351; x_wconf 89' lang='lat' dir='ltr'><strong>et</strong></span> <span class='ocrx_word' id='word_1_203' title='bbox 809 2296 859 2351; x_wconf 82' lang='lat' dir='ltr'><strong>Ed.</strong></span> <span class='ocrx_word' id='word_1_204' title='bbox 876 2296 964 2352; x_wconf 86' lang='lat' dir='ltr'><strong>Benti.</strong></span> <span class='ocrx_word' id='word_1_205' title='bbox 983 2297 1101 2352; x_wconf 84' lang='lat' dir='ltr'><strong>Oreliius</strong></span> <span class='ocrx_word' id='word_1_206' title='bbox 1124 2309 1213 2352; x_wconf 88' lang='lat' dir='ltr'><strong>tamen</strong></span> <span class='ocrx_word' id='word_1_207' title='bbox 1233 2300 1359 2353; x_wconf 77' lang='lat' dir='ltr'><strong>existimat</strong></span> 
     </span>
     <span class='ocr_line' id='line_1_22' title="bbox 308 2385 1359 2460; baseline -0.002 -16"><span class='ocrx_word' id='word_1_208' title='bbox 308 2392 391 2444; x_wconf 82' lang='lat' dir='ltr'><strong>rideri</strong></span> <span class='ocrx_word' id='word_1_209' title='bbox 411 2407 497 2443; x_wconf 83' lang='lat' dir='ltr'><strong>essee</strong></span> <span class='ocrx_word' id='word_1_210' title='bbox 517 2388 610 2460; x_wconf 66' lang='lat' dir='ltr'><strong>gloss„</strong></span> <span class='ocrx_word' id='word_1_211' title='bbox 635 2406 698 2441; x_wconf 89' lang='lat' dir='ltr'><strong>oum</strong></span> <span class='ocrx_word' id='word_1_212' title='bbox 717 2385 787 2441; x_wconf 80' lang='lat' dir='ltr'><strong>abrit</strong></span> <span class='ocrx_word' id='word_1_213' title='bbox 810 2386 844 2439; x_wconf 88' lang='lat' dir='ltr'><strong>ab</strong></span> <span class='ocrx_word' id='word_1_214' title='bbox 862 2386 965 2458; x_wconf 78' lang='lat' dir='ltr'>aliquot</span> <span class='ocrx_word' id='word_1_215' title='bbox 982 2386 1071 2452; x_wconf 80' lang='lat' dir='ltr'><strong>libris,</strong></span> <span class='ocrx_word' id='word_1_216' title='bbox 1099 2398 1125 2440; x_wconf 87' lang='lat' dir='ltr'><strong>et</strong></span> <span class='ocrx_word' id='word_1_217' title='bbox 1142 2385 1211 2440; x_wconf 88' lang='lat' dir='ltr'><strong>Cod.</strong></span> <span class='ocrx_word' id='word_1_218' title='bbox 1230 2387 1290 2442; x_wconf 83' lang='lat' dir='ltr'><strong>Bas.</strong></span> <span class='ocrx_word' id='word_1_219' title='bbox 1309 2409 1359 2460; x_wconf 87' lang='lat' dir='ltr'><strong>pro</strong></span> 
     </span>
     <span class='ocr_line' id='line_1_23' title="bbox 309 2474 1360 2546; baseline -0.001 -13"><span class='ocrx_word' id='word_1_220' title='bbox 309 2501 341 2533; x_wconf 88' lang='lat' dir='ltr'><strong>eo</strong></span> <span class='ocrx_word' id='word_1_221' title='bbox 360 2479 454 2532; x_wconf 78' lang='lat' dir='ltr'><strong>hebeat</strong></span> <span class='ocrx_word' id='word_1_222' title='bbox 473 2478 578 2530; x_wconf 77' lang='lat' dir='ltr'><strong>ostendi</strong></span> <span class='ocrx_word' id='word_1_223' title='bbox 593 2480 636 2546; x_wconf 89' lang='lat' dir='ltr'><strong>(ut</strong></span> <span class='ocrx_word' id='word_1_224' title='bbox 653 2477 703 2530; x_wconf 86' lang='lat' dir='ltr'><strong>Ed.</strong></span> <span class='ocrx_word' id='word_1_225' title='bbox 721 2478 792 2529; x_wconf 89' lang='lat' dir='ltr'><strong>Ven.</strong></span> <span class='ocrx_word' id='word_1_226' title='bbox 812 2475 920 2545; x_wconf 75' lang='lat'><strong>1514.);</strong></span> <span class='ocrx_word' id='word_1_227' title='bbox 939 2475 1006 2529; x_wconf 82' lang='lat' dir='ltr'><strong>absit</strong></span> <span class='ocrx_word' id='word_1_228' title='bbox 1024 2476 1086 2529; x_wconf 89' lang='lat' dir='ltr'><strong>item</strong></span> <span class='ocrx_word' id='word_1_229' title='bbox 1105 2496 1120 2529; x_wconf 90' lang='lat' dir='ltr'><strong>a</strong></span> <span class='ocrx_word' id='word_1_230' title='bbox 1140 2474 1208 2529; x_wconf 85' lang='lat' dir='ltr'><strong>cod.</strong></span> <span class='ocrx_word' id='word_1_231' title='bbox 1227 2475 1316 2532; x_wconf 81' lang='lat' dir='ltr'><strong>Guett.</strong></span> <span class='ocrx_word' id='word_1_232' title='bbox 1335 2491 1360 2532; x_wconf 93' lang='lat' dir='ltr'><strong>et</strong></span> 
     </span>
     <span class='ocr_line' id='line_1_24' title="bbox 307 2558 1412 2636; baseline -0.005 -15"><span class='ocrx_word' id='word_1_233' title='bbox 307 2570 336 2621; x_wconf 91' lang='lat' dir='ltr'><strong>in</strong></span> <span class='ocrx_word' id='word_1_234' title='bbox 355 2567 421 2619; x_wconf 81' lang='lat' dir='ltr'><strong>eod.</strong></span> <span class='ocrx_word' id='word_1_235' title='bbox 441 2558 500 2620; x_wconf 76' lang='lat' dir='ltr'><strong>Bas.</strong></span> <span class='ocrx_word' id='word_1_236' title='bbox 521 2567 681 2635; x_wconf 78' lang='lat' dir='ltr'><strong>transposito</strong></span> <span class='ocrx_word' id='word_1_237' title='bbox 699 2563 797 2617; x_wconf 90' lang='lat' dir='ltr'><strong>ordine</strong></span> <span class='ocrx_word' id='word_1_238' title='bbox 815 2565 901 2616; x_wconf 75' lang='lat' dir='ltr'><strong>videri</strong></span> <span class='ocrx_word' id='word_1_239' title='bbox 919 2566 966 2635; x_wconf 83' lang='lat' dir='ltr'><strong>qui</strong></span> <span class='ocrx_word' id='word_1_240' title='bbox 981 2573 1105 2633; x_wconf 81' lang='lat' dir='ltr'><strong>puerunt.</strong></span> <span class='ocrx_word' id='word_1_241' title='bbox 1143 2562 1226 2618; x_wconf 82' lang='lat' dir='ltr'><strong>Cuius</strong></span> <span class='ocrx_word' id='word_1_242' title='bbox 1243 2583 1294 2636; x_wconf 77' lang='lat' dir='ltr'><strong>ego</strong></span> <span class='ocrx_word' id='word_1_243' title='bbox 1311 2565 1359 2617; x_wconf 82' lang='lat' dir='ltr'><strong>riri</strong></span> <span class='ocrx_word' id='word_1_244' title='bbox 1403 2620 1412 2628; x_wconf 52' lang='lat'><em>,</em></span> 
     </span>
     <span class='ocr_line' id='line_1_25' title="bbox 307 2651 1360 2725; baseline -0.003 -17"><span class='ocrx_word' id='word_1_245' title='bbox 307 2656 485 2725; x_wconf 84' lang='lat' dir='ltr'><strong>suspicionem</strong></span> <span class='ocrx_word' id='word_1_246' title='bbox 504 2654 538 2707; x_wconf 84' lang='lat' dir='ltr'><strong>ita</strong></span> <span class='ocrx_word' id='word_1_247' title='bbox 559 2654 661 2723; x_wconf 90' lang='lat' dir='ltr'><strong>probo,</strong></span> <span class='ocrx_word' id='word_1_248' title='bbox 681 2664 710 2706; x_wconf 88' lang='lat' dir='ltr'><strong>ut</strong></span> <span class='ocrx_word' id='word_1_249' title='bbox 728 2651 834 2705; x_wconf 81' lang='lat' dir='ltr'><strong>uncinis</strong></span> <span class='ocrx_word' id='word_1_250' title='bbox 852 2651 989 2705; x_wconf 80' lang='lat' dir='ltr'><strong>includere</strong></span> <span class='ocrx_word' id='word_1_251' title='bbox 1007 2671 1086 2705; x_wconf 79' lang='lat' dir='ltr'><strong>ausus</strong></span> <span class='ocrx_word' id='word_1_252' title='bbox 1104 2652 1153 2704; x_wconf 79' lang='lat' dir='ltr'><strong>sim</strong></span> <span class='ocrx_word' id='word_1_253' title='bbox 1173 2654 1269 2716; x_wconf 72' lang='lat' dir='ltr'><strong>rideri,</strong></span> <span class='ocrx_word' id='word_1_254' title='bbox 1293 2652 1360 2705; x_wconf 89' lang='lat' dir='ltr'><strong>abii·</strong></span> 
     </span>
     <span class='ocr_line' id='line_1_26' title="bbox 308 2737 1358 2808; baseline -0.005 -11"><span class='ocrx_word' id='word_1_255' title='bbox 308 2761 369 2797; x_wconf 86' lang='lat' dir='ltr'><strong>cere</strong></span> <span class='ocrx_word' id='word_1_256' title='bbox 388 2760 444 2794; x_wconf 87' lang='lat' dir='ltr'><strong>non</strong></span> <span class='ocrx_word' id='word_1_257' title='bbox 461 2740 584 2794; x_wconf 78' lang='lat' dir='ltr'><strong>audeam.</strong></span> <span class='ocrx_word' id='word_1_258' title='bbox 616 2739 662 2792; x_wconf 79' lang='lat' dir='ltr'><strong>Eat</strong></span> <span class='ocrx_word' id='word_1_259' title='bbox 682 2739 924 2808; x_wconf 66' lang='lat' dir='ltr'><strong>etiamyideontur</strong></span> <span class='ocrx_word' id='word_1_260' title='bbox 943 2739 972 2792; x_wconf 89' lang='lat' dir='ltr'><strong>in</strong></span> <span class='ocrx_word' id='word_1_261' title='bbox 991 2737 1056 2792; x_wconf 81' lang='lat' dir='ltr'><strong>On.</strong></span> <span class='ocrx_word' id='word_1_262' title='bbox 1073 2738 1105 2795; x_wconf 89' lang='lat' dir='ltr'><strong>E.</strong></span> <span class='ocrx_word' id='word_1_263' title='bbox 1123 2742 1144 2794; x_wconf 92' lang='lat' dir='ltr'><strong>l.</strong></span> <span class='ocrx_word' id='word_1_264' title='bbox 1163 2739 1196 2794; x_wconf 89' lang='lat' dir='ltr'><strong>N.</strong></span> <span class='ocrx_word' id='word_1_265' title='bbox 1216 2739 1250 2792; x_wconf 92' lang='lat' dir='ltr'><strong>U.</strong></span> <span class='ocrx_word' id='word_1_266' title='bbox 1266 2759 1308 2806; x_wconf 85' lang='lat' dir='ltr'><strong>o.‚</strong></span> <span class='ocrx_word' id='word_1_267' title='bbox 1331 2741 1358 2792; x_wconf 92' lang='lat' dir='ltr'><strong>in</strong></span> 
     </span>
     <span class='ocr_line' id='line_1_27' title="bbox 308 2825 802 2897; baseline -0.008 -13"><span class='ocrx_word' id='word_1_268' title='bbox 308 2830 359 2884; x_wconf 82' lang='lat' dir='ltr'><strong>Ox.</strong></span> <span class='ocrx_word' id='word_1_269' title='bbox 377 2829 408 2883; x_wconf 85' lang='lat' dir='ltr'><strong>E.</strong></span> <span class='ocrx_word' id='word_1_270' title='bbox 428 2829 514 2881; x_wconf 79' lang='lat' dir='ltr'><strong>videri</strong></span> <span class='ocrx_word' id='word_1_271' title='bbox 531 2839 578 2880; x_wconf 82' lang='lat' dir='ltr'><strong>eut</strong></span> <span class='ocrx_word' id='word_1_272' title='bbox 596 2827 706 2897; x_wconf 71' lang='lat' dir='ltr'><strong>offindi.</strong></span> <span class='ocrx_word' id='word_1_273' title='bbox 741 2825 802 2880; x_wconf 75' lang='lat' dir='ltr'><strong>Me.</strong></span> 
     </span>
    </p>

    <p class='ocr_par' dir='ltr' id='par_1_3' title="bbox 307 2912 1429 3585">
     <span class='ocr_line' id='line_1_28' title="bbox 380 2912 1360 2990; baseline 0.002 -22"><span class='ocrx_word' id='word_1_274' title='bbox 380 2924 477 2988; x_wconf 72' lang='lat' dir='ltr'><strong>quum,</strong></span> <span class='ocrx_word' id='word_1_275' title='bbox 505 2916 635 2990; x_wconf 81' lang='lat' dir='ltr'><strong>quiequid</strong></span> <span class='ocrx_word' id='word_1_276' title='bbox 656 2925 800 2985; x_wconf 80' lang='lat' dir='ltr'><strong>peccatur,</strong></span> <span class='ocrx_word' id='word_1_277' title='bbox 818 2915 880 2982; x_wconf 71' lang='lat' dir='ltr'><strong>eto]</strong></span> <span class='ocrx_word' id='word_1_278' title='bbox 923 2912 1038 2980; x_wconf 85' lang='lat' dir='ltr'><strong>„Cicero</strong></span> <span class='ocrx_word' id='word_1_279' title='bbox 1070 2915 1165 2969; x_wconf 85' lang='lat' dir='ltr'><strong>callide</strong></span> <span class='ocrx_word' id='word_1_280' title='bbox 1193 2928 1219 2970; x_wconf 87' lang='lat' dir='ltr'><strong>et</strong></span> <span class='ocrx_word' id='word_1_281' title='bbox 1244 2916 1360 2970; x_wconf 86' lang='lat' dir='ltr'><strong>oratorie</strong></span> 
     </span>
     <span class='ocr_line' id='line_1_29' title="bbox 307 3000 1360 3075; baseline 0.003 -19"><span class='ocrx_word' id='word_1_282' title='bbox 307 3005 377 3058; x_wconf 86' lang='lat' dir='ltr'><strong>hanc</strong></span> <span class='ocrx_word' id='word_1_283' title='bbox 395 3003 593 3075; x_wconf 71' lang='lat' dir='ltr'><strong>perorationem</strong></span> <span class='ocrx_word' id='word_1_284' title='bbox 610 3001 777 3073; x_wconf 72' lang='lat' dir='ltr'><strong>composuit,</strong></span> <span class='ocrx_word' id='word_1_285' title='bbox 802 3013 830 3055; x_wconf 92' lang='lat' dir='ltr'><strong>ut</strong></span> <span class='ocrx_word' id='word_1_286' title='bbox 849 3000 914 3054; x_wconf 85' lang='lat' dir='ltr'><strong>iilud</strong></span> <span class='ocrx_word' id='word_1_287' title='bbox 933 3002 1021 3072; x_wconf 73' lang='lat' dir='ltr'><strong>iprum</strong></span> <span class='ocrx_word' id='word_1_288' title='bbox 1046 3013 1174 3075; x_wconf 89' lang='lat' dir='ltr'><strong>tauquam</strong></span> <span class='ocrx_word' id='word_1_289' title='bbox 1192 3005 1360 3059; x_wconf 82' lang='lat' dir='ltr'><strong>demonstra-</strong></span> 
     </span>
     <span class='ocr_line' id='line_1_30' title="bbox 310 3089 1360 3163; baseline 0.002 -19"><span class='ocrx_word' id='word_1_290' title='bbox 310 3104 365 3144; x_wconf 91' lang='lat' dir='ltr'><strong>tum</strong></span> <span class='ocrx_word' id='word_1_291' title='bbox 384 3101 505 3162; x_wconf 66' lang='lat' dir='ltr'><strong>poneret.</strong></span> <span class='ocrx_word' id='word_1_292' title='bbox 525 3090 599 3161; x_wconf 88' lang='lat' dir='ltr'><strong>quod</strong></span> <span class='ocrx_word' id='word_1_293' title='bbox 617 3089 705 3144; x_wconf 88' lang='lat' dir='ltr'><strong>adhue</strong></span> <span class='ocrx_word' id='word_1_294' title='bbox 717 3100 774 3142; x_wconf 87' lang='lat' dir='ltr'><strong>erat</strong></span> <span class='ocrx_word' id='word_1_295' title='bbox 785 3089 1035 3156; x_wconf 81' lang='lat' dir='ltr'><strong>demonstrandum,</strong></span> <span class='ocrx_word' id='word_1_296' title='bbox 1053 3091 1182 3144; x_wconf 88' lang='lat' dir='ltr'><strong>nimirum</strong></span> <span class='ocrx_word' id='word_1_297' title='bbox 1199 3094 1360 3163; x_wconf 76' lang='lat' dir='ltr'><strong>nihitpoeee</strong></span> 
     </span>
     <span class='ocr_line' id='line_1_31' title="bbox 308 3178 1429 3252; baseline 0.003 -21"><span class='ocrx_word' id='word_1_298' title='bbox 308 3180 387 3247; x_wconf 72' lang='lat' dir='ltr'><strong>aditi,</strong></span> <span class='ocrx_word' id='word_1_299' title='bbox 406 3197 459 3250; x_wconf 78' lang='lat' dir='ltr'><strong>quo</strong></span> <span class='ocrx_word' id='word_1_300' title='bbox 476 3179 563 3249; x_wconf 74' lang='lat' dir='ltr'><strong>magis</strong></span> <span class='ocrx_word' id='word_1_301' title='bbox 577 3179 686 3248; x_wconf 72' lang='lat' dir='ltr'><strong>peremi</strong></span> <span class='ocrx_word' id='word_1_302' title='bbox 701 3196 780 3248; x_wconf 74' lang='lat' dir='ltr'><strong>poree</strong></span> <span class='ocrx_word' id='word_1_303' title='bbox 798 3179 941 3243; x_wconf 77' lang='lat' dir='ltr'><strong>ridentur,</strong></span> <span class='ocrx_word' id='word_1_304' title='bbox 960 3179 979 3231; x_wconf 88' lang='lat' dir='ltr'><strong>i.</strong></span> <span class='ocrx_word' id='word_1_305' title='bbox 996 3198 1020 3232; x_wconf 88' lang='lat' dir='ltr'><strong>e.</strong></span> <span class='ocrx_word' id='word_1_306' title='bbox 1037 3178 1071 3231; x_wconf 89' lang='lat' dir='ltr'><strong>ad</strong></span> <span class='ocrx_word' id='word_1_307' title='bbox 1090 3179 1199 3251; x_wconf 79' lang='lat' dir='ltr'><strong>aliquod</strong></span> <span class='ocrx_word' id='word_1_308' title='bbox 1220 3192 1360 3252; x_wconf 82' lang='lat' dir='ltr'><strong>peecatum</strong></span> <span class='ocrx_word' id='word_1_309' title='bbox 1426 3242 1429 3245; x_wconf 46' lang='grc'>,</span> 
     </span>
     <span class='ocr_line' id='line_1_32' title="bbox 309 3266 1361 3340; baseline 0.004 -20"><span class='ocrx_word' id='word_1_310' title='bbox 309 3266 374 3320; x_wconf 86' lang='lat' dir='ltr'><strong>nihil</strong></span> <span class='ocrx_word' id='word_1_311' title='bbox 392 3284 475 3336; x_wconf 72' lang='lat' dir='ltr'><strong>posse</strong></span> <span class='ocrx_word' id='word_1_312' title='bbox 488 3266 566 3332; x_wconf 82' lang='lat' dir='ltr'><strong>addi,</strong></span> <span class='ocrx_word' id='word_1_313' title='bbox 584 3285 633 3338; x_wconf 87' lang='lat' dir='ltr'><strong>per</strong></span> <span class='ocrx_word' id='word_1_314' title='bbox 655 3286 736 3338; x_wconf 78' lang='lat' dir='ltr'><strong>quarn</strong></span> <span class='ocrx_word' id='word_1_315' title='bbox 756 3267 920 3322; x_wconf 70' lang='lat' dir='ltr'><strong>additionem</strong></span> <span class='ocrx_word' id='word_1_316' title='bbox 938 3266 990 3321; x_wconf 84' lang='lat' dir='ltr'><strong>hoc</strong></span> <span class='ocrx_word' id='word_1_317' title='bbox 1002 3278 1143 3339; x_wconf 85' lang='lat' dir='ltr'><strong>peecatum</strong></span> <span class='ocrx_word' id='word_1_318' title='bbox 1162 3269 1246 3322; x_wconf 82' lang='lat' dir='ltr'><strong>maius</strong></span> <span class='ocrx_word' id='word_1_319' title='bbox 1264 3288 1361 3340; x_wconf 80' lang='lat' dir='ltr'><strong>proee-</strong></span> 
     </span>
     <span class='ocr_line' id='line_1_33' title="bbox 308 3354 1360 3427; baseline 0.001 -19"><span class='ocrx_word' id='word_1_320' title='bbox 308 3367 365 3408; x_wconf 87' lang='lat' dir='ltr'><strong>tum</strong></span> <span class='ocrx_word' id='word_1_321' title='bbox 384 3374 440 3408; x_wconf 74' lang='lat' dir='ltr'><strong>eoae</strong></span> <span class='ocrx_word' id='word_1_322' title='bbox 454 3354 581 3409; x_wconf 83' lang='lat' dir='ltr'><strong>ridentur.</strong></span> <span class='ocrx_word' id='word_1_323' title='bbox 630 3354 659 3408; x_wconf 82' lang='lat' dir='ltr'><strong>si</strong></span> <span class='ocrx_word' id='word_1_324' title='bbox 686 3355 855 3426; x_wconf 66' lang='lat' dir='ltr'><strong>syllogismus</strong></span> <span class='ocrx_word' id='word_1_325' title='bbox 880 3355 1013 3408; x_wconf 69' lang='lat' dir='ltr'><strong>oratorius</strong></span> <span class='ocrx_word' id='word_1_326' title='bbox 1029 3355 1059 3407; x_wconf 87' lang='lat' dir='ltr'><strong>in</strong></span> <span class='ocrx_word' id='word_1_327' title='bbox 1082 3356 1197 3409; x_wconf 72' lang='lat' dir='ltr'><strong>formam</strong></span> <span class='ocrx_word' id='word_1_328' title='bbox 1216 3355 1360 3427; x_wconf 79' lang='lat' dir='ltr'><strong>eyliogirmi</strong></span> 
     </span>
     <span class='ocr_line' id='line_1_34' title="bbox 309 3442 1361 3514; baseline 0.002 -18"><span class='ocrx_word' id='word_1_329' title='bbox 309 3442 440 3496; x_wconf 79' lang='lat' dir='ltr'><strong>dialectici</strong></span> <span class='ocrx_word' id='word_1_330' title='bbox 462 3442 613 3512; x_wconf 75' lang='lat' dir='ltr'><strong>redigatur,</strong></span> <span class='ocrx_word' id='word_1_331' title='bbox 638 3443 732 3496; x_wconf 76' lang='lat' dir='ltr'><strong>vitium</strong></span> <span class='ocrx_word' id='word_1_332' title='bbox 749 3444 807 3496; x_wconf 79' lang='lat' dir='ltr'><strong>eiua</strong></span> <span class='ocrx_word' id='word_1_333' title='bbox 825 3443 909 3513; x_wconf 71' lang='lat' dir='ltr'><strong>magia</strong></span> <span class='ocrx_word' id='word_1_334' title='bbox 926 3443 1074 3514; x_wconf 82' lang='lat' dir='ltr'><strong>apparebit.</strong></span> <span class='ocrx_word' id='word_1_335' title='bbox 1120 3444 1166 3498; x_wconf 74' lang='lat' dir='ltr'><strong>Est</strong></span> <span class='ocrx_word' id='word_1_336' title='bbox 1183 3455 1272 3497; x_wconf 88' lang='lat' dir='ltr'><strong>autem</strong></span> <span class='ocrx_word' id='word_1_337' title='bbox 1291 3443 1361 3498; x_wconf 82' lang='lat' dir='ltr'><strong>eius·</strong></span> 
     </span>
     <span class='ocr_line' id='line_1_35' title="bbox 309 3532 659 3585; baseline -0.009 0"><span class='ocrx_word' id='word_1_338' title='bbox 309 3532 402 3585; x_wconf 85' lang='lat' dir='ltr'><strong>modi:</strong></span> <span class='ocrx_word' id='word_1_339' title='bbox 656 3533 659 3537; x_wconf 84' lang='grc'><strong>’</strong></span> 
     </span>
    </p>
   </div>
   <div class='ocr_carea' id='block_1_3' title="bbox 213 3617 1361 3690">
    <p class='ocr_par' dir='ltr' id='par_1_4' title="bbox 213 3617 1361 3690">
     <span class='ocr_line' id='line_1_36' title="bbox 213 3617 1361 3690; baseline -0.001 -18"><span class='ocrx_word' id='word_1_340' title='bbox 213 3620 220 3633; x_wconf 79' lang='grc'><strong>“</strong></span> <span class='ocrx_word' id='word_1_341' title='bbox 310 3620 351 3685; x_wconf 82' lang='grc'><strong>81,</strong></span> <span class='ocrx_word' id='word_1_342' title='bbox 371 3617 661 3690; x_wconf 80' lang='lat' dir='ltr'><strong>quicquidpeccatur,</strong></span> <span class='ocrx_word' id='word_1_343' title='bbox 687 3618 888 3689; x_wconf 70' lang='lat' dir='ltr'><strong>perturbatione</strong></span> <span class='ocrx_word' id='word_1_344' title='bbox 917 3619 1027 3672; x_wconf 80' lang='lat' dir='ltr'><strong>rationis</strong></span> <span class='ocrx_word' id='word_1_345' title='bbox 1044 3631 1126 3690; x_wconf 86' lang='lat' dir='ltr'><strong>atque</strong></span> <span class='ocrx_word' id='word_1_346' title='bbox 1143 3619 1246 3673; x_wconf 76' lang='lat' dir='ltr'><strong>ordinis</strong></span> <span class='ocrx_word' id='word_1_347' title='bbox 1263 3636 1361 3690; x_wconf 82' lang='lat' dir='ltr'><strong>peuoa—</strong></span> 
     </span>
    </p>
   </div>
   <div class='ocr_carea' id='block_1_4' title="bbox 310 3705 1362 4305">
    <p class='ocr_par' dir='ltr' id='par_1_5' title="bbox 345 3705 1362 3778">
     <span class='ocr_line' id='line_1_37' title="bbox 345 3705 1362 3778; baseline -0.001 -20"><span class='ocrx_word' id='word_1_348' title='bbox 345 3718 405 3772; x_wconf 82' lang='lat' dir='ltr'><strong>tur‚</strong></span> <span class='ocrx_word' id='word_1_349' title='bbox 430 3705 584 3776; x_wconf 88' lang='lat' dir='ltr'><strong>perturbata</strong></span> <span class='ocrx_word' id='word_1_350' title='bbox 608 3717 696 3758; x_wconf 90' lang='lat' dir='ltr'><strong>autem</strong></span> <span class='ocrx_word' id='word_1_351' title='bbox 723 3706 803 3759; x_wconf 82' lang='lat' dir='ltr'><strong>semei</strong></span> <span class='ocrx_word' id='word_1_352' title='bbox 829 3708 932 3759; x_wconf 88' lang='lat' dir='ltr'><strong>ratione</strong></span> <span class='ocrx_word' id='word_1_353' title='bbox 956 3719 1037 3778; x_wconf 88' lang='lat' dir='ltr'><strong>atque</strong></span> <span class='ocrx_word' id='word_1_354' title='bbox 1065 3708 1161 3761; x_wconf 88' lang='lat' dir='ltr'><strong>ordine</strong></span> <span class='ocrx_word' id='word_1_355' title='bbox 1188 3707 1252 3761; x_wconf 83' lang='lat' dir='ltr'><strong>nihii</strong></span> <span class='ocrx_word' id='word_1_356' title='bbox 1275 3717 1362 3777; x_wconf 85' lang='lat' dir='ltr'><strong>potest</strong></span> 
     </span>
    </p>

    <p class='ocr_par' dir='ltr' id='par_1_6' title="bbox 344 3791 1361 3865">
     <span class='ocr_line' id='line_1_38' title="bbox 344 3791 1361 3865; baseline 0.002 -20"><span class='ocrx_word' id='word_1_357' title='bbox 344 3791 420 3858; x_wconf 85' lang='lat' dir='ltr'><strong>addi,</strong></span> <span class='ocrx_word' id='word_1_358' title='bbox 439 3803 468 3845; x_wconf 93' lang='lat' dir='ltr'><strong>ut</strong></span> <span class='ocrx_word' id='word_1_359' title='bbox 487 3803 627 3862; x_wconf 84' lang='lat' dir='ltr'><strong>peccatum</strong></span> <span class='ocrx_word' id='word_1_360' title='bbox 646 3796 818 3847; x_wconf 77' lang='lat' dir='ltr'><strong>commissum</strong></span> <span class='ocrx_word' id='word_1_361' title='bbox 839 3814 887 3865; x_wconf 89' lang='lat' dir='ltr'><strong>per</strong></span> <span class='ocrx_word' id='word_1_362' title='bbox 905 3794 975 3849; x_wconf 81' lang='lat' dir='ltr'><strong>hanc</strong></span> <span class='ocrx_word' id='word_1_363' title='bbox 993 3796 1157 3849; x_wconf 87' lang='lat' dir='ltr'><strong>additionem</strong></span> <span class='ocrx_word' id='word_1_364' title='bbox 1167 3796 1361 3865; x_wconf 85' lang='lat' dir='ltr'><strong>maiuspeccn·</strong></span> 
     </span>
    </p>

    <p class='ocr_par' dir='ltr' id='par_1_7' title="bbox 311 3879 1362 4041">
     <span class='ocr_line' id='line_1_39' title="bbox 345 3879 1247 3954; baseline 0.002 -23"><span class='ocrx_word' id='word_1_365' title='bbox 345 3890 402 3931; x_wconf 93' lang='lat' dir='ltr'><strong>tum</strong></span> <span class='ocrx_word' id='word_1_366' title='bbox 421 3897 475 3931; x_wconf 70' lang='lat' dir='ltr'><strong>eote</strong></span> <span class='ocrx_word' id='word_1_367' title='bbox 494 3879 627 3944; x_wconf 62' lang='lat' dir='ltr'><strong>ridentum</strong></span> <span class='ocrx_word' id='word_1_368' title='bbox 647 3880 783 3951; x_wconf 78' lang='lat' dir='ltr'><strong>requitur,</strong></span> <span class='ocrx_word' id='word_1_369' title='bbox 803 3883 894 3937; x_wconf 88' lang='lat' dir='ltr'><strong>omnia</strong></span> <span class='ocrx_word' id='word_1_370' title='bbox 914 3895 1021 3954; x_wconf 78' lang='lat' dir='ltr'><strong>peccata</strong></span> <span class='ocrx_word' id='word_1_371' title='bbox 1040 3903 1096 3939; x_wconf 77' lang='lat' dir='ltr'><strong>esse</strong></span> <span class='ocrx_word' id='word_1_372' title='bbox 1113 3882 1247 3954; x_wconf 80' lang='lat' dir='ltr'><strong>aequalia:</strong></span> 
     </span>
     <span class='ocr_line' id='line_1_40' title="bbox 311 3966 1362 4041; baseline 0.002 -21"><span class='ocrx_word' id='word_1_373' title='bbox 311 3966 412 4038; x_wconf 72' lang='lat' dir='ltr'><strong>Atqui,</strong></span> <span class='ocrx_word' id='word_1_374' title='bbox 432 3966 560 4037; x_wconf 88' lang='lat' dir='ltr'><strong>quicquid</strong></span> <span class='ocrx_word' id='word_1_375' title='bbox 581 3980 715 4038; x_wconf 82' lang='lat' dir='ltr'><strong>peccatur,</strong></span> <span class='ocrx_word' id='word_1_376' title='bbox 732 3970 937 4039; x_wconf 79' lang='lat' dir='ltr'><strong>perturbatione</strong></span> <span class='ocrx_word' id='word_1_377' title='bbox 953 3971 1066 4025; x_wconf 80' lang='lat' dir='ltr'><strong>rationis</strong></span> <span class='ocrx_word' id='word_1_378' title='bbox 1084 3981 1164 4040; x_wconf 81' lang='lat' dir='ltr'><strong>atque</strong></span> <span class='ocrx_word' id='word_1_379' title='bbox 1181 3969 1284 4023; x_wconf 81' lang='lat' dir='ltr'><strong>ordiuie</strong></span> <span class='ocrx_word' id='word_1_380' title='bbox 1298 3990 1362 4041; x_wconf 80' lang='lat' dir='ltr'><strong>pee-</strong></span> 
     </span>
    </p>

    <p class='ocr_par' dir='ltr' id='par_1_8' title="bbox 346 4056 1361 4127">
     <span class='ocr_line' id='line_1_41' title="bbox 346 4056 1361 4127; baseline 0.001 -18"><span class='ocrx_word' id='word_1_381' title='bbox 346 4065 438 4120; x_wconf 82' lang='lat' dir='ltr'><strong>catur,</strong></span> <span class='ocrx_word' id='word_1_382' title='bbox 462 4065 489 4107; x_wconf 89' lang='lat' dir='ltr'><strong>et</strong></span> <span class='ocrx_word' id='word_1_383' title='bbox 505 4057 659 4125; x_wconf 78' lang='lat' dir='ltr'><strong>perturbata</strong></span> <span class='ocrx_word' id='word_1_384' title='bbox 678 4056 759 4109; x_wconf 81' lang='lat' dir='ltr'><strong>semei</strong></span> <span class='ocrx_word' id='word_1_385' title='bbox 778 4059 882 4111; x_wconf 86' lang='lat' dir='ltr'><strong>ratione</strong></span> <span class='ocrx_word' id='word_1_386' title='bbox 900 4069 927 4112; x_wconf 87' lang='lat' dir='ltr'><strong>et</strong></span> <span class='ocrx_word' id='word_1_387' title='bbox 944 4059 1040 4115; x_wconf 86' lang='lat' dir='ltr'><strong>ordine</strong></span> <span class='ocrx_word' id='word_1_388' title='bbox 1057 4056 1123 4113; x_wconf 83' lang='lat' dir='ltr'><strong>nihil</strong></span> <span class='ocrx_word' id='word_1_389' title='bbox 1142 4068 1228 4127; x_wconf 83' lang='lat' dir='ltr'><strong>potest</strong></span> <span class='ocrx_word' id='word_1_390' title='bbox 1246 4057 1279 4110; x_wconf 88' lang='lat' dir='ltr'><strong>ad</strong></span> <span class='ocrx_word' id='word_1_391' title='bbox 1299 4075 1361 4127; x_wconf 85' lang='lat' dir='ltr'><strong>pec·</strong></span> 
     </span>
    </p>

    <p class='ocr_par' dir='ltr' id='par_1_9' title="bbox 310 4142 1362 4305">
     <span class='ocr_line' id='line_1_42' title="bbox 348 4142 1362 4219; baseline 0.001 -22"><span class='ocrx_word' id='word_1_392' title='bbox 348 4153 437 4197; x_wconf 73' lang='lat' dir='ltr'><strong>cauum</strong></span> <span class='ocrx_word' id='word_1_393' title='bbox 454 4142 525 4208; x_wconf 85' lang='lat' dir='ltr'><strong>addi,</strong></span> <span class='ocrx_word' id='word_1_394' title='bbox 542 4154 572 4197; x_wconf 89' lang='lat' dir='ltr'><strong>ut</strong></span> <span class='ocrx_word' id='word_1_395' title='bbox 592 4163 640 4215; x_wconf 85' lang='lat' dir='ltr'><strong>per</strong></span> <span class='ocrx_word' id='word_1_396' title='bbox 651 4145 720 4199; x_wconf 81' lang='lat' dir='ltr'><strong>hane</strong></span> <span class='ocrx_word' id='word_1_397' title='bbox 733 4146 897 4201; x_wconf 87' lang='lat' dir='ltr'><strong>additionem</strong></span> <span class='ocrx_word' id='word_1_398' title='bbox 912 4147 999 4203; x_wconf 81' lang='lat' dir='ltr'><strong>maius</strong></span> <span class='ocrx_word' id='word_1_399' title='bbox 1008 4156 1147 4219; x_wconf 79' lang='lat' dir='ltr'><strong>peceatum</strong></span> <span class='ocrx_word' id='word_1_400' title='bbox 1161 4165 1217 4201; x_wconf 76' lang='lat' dir='ltr'><strong>eooe</strong></span> <span class='ocrx_word' id='word_1_401' title='bbox 1230 4145 1362 4208; x_wconf 62' lang='lat' dir='ltr'><strong>ridentum</strong></span> 
     </span>
     <span class='ocr_line' id='line_1_43' title="bbox 310 4232 1148 4305; baseline 0.008 -20"><span class='ocrx_word' id='word_1_402' title='bbox 310 4232 383 4303; x_wconf 74' lang='lat' dir='ltr'><strong>Ergo</strong></span> <span class='ocrx_word' id='word_1_403' title='bbox 404 4245 513 4305; x_wconf 76' lang='lat' dir='ltr'><strong>peccata</strong></span> <span class='ocrx_word' id='word_1_404' title='bbox 532 4234 623 4288; x_wconf 81' lang='lat' dir='ltr'><strong>omnia</strong></span> <span class='ocrx_word' id='word_1_405' title='bbox 641 4246 703 4289; x_wconf 77' lang='lat' dir='ltr'><strong>eunt</strong></span> <span class='ocrx_word' id='word_1_406' title='bbox 719 4235 850 4305; x_wconf 81' lang='lat' dir='ltr'><strong>aequalia.</strong></span> <span class='ocrx_word' id='word_1_407' title='bbox 1146 4233 1148 4236; x_wconf 53' lang='grc'>’</span> 
     </span>
    </p>
   </div>
   <div class='ocr_carea' id='block_1_5' title="bbox 0 0 1541 4916">
    <p class='ocr_par' dir='ltr' id='par_1_10' title="bbox 0 0 1541 4916">
     <span class='ocr_line' id='line_1_44' title="bbox 0 0 1541 4916; baseline 0 0"><span class='ocrx_word' id='word_1_408' title='bbox 0 0 1541 4916; x_wconf 95' lang='lat' dir='ltr'><strong> </strong></span> 
     </span>
    </p>
   </div>
  </div>
 </body>
</html>
