3059 4925
310 472 385 546 240
632 496 805 547 rurtuoxu
831 496 1024 547 sromuroe.

307 653 392 725 Lugii.
412 653 477 725 Arg.
498 671 553 725 pro.
573 654 652 709 teta.
671 656 733 710 Par.
753 656 833 711 1543.
852 657 920 710 Ven.
940 659 1018 712 1412.
1056 659 1124 712 Rob.
1143 656 1237 731 steph.
1255 658 1363 716 (iamet.

308 753 334 797 et
352 760 439 815 marg.
456 741 530 795 Crat.
567 743 626 796 Me.

377 830 464 883 losum
485 846 571 899 poene
597 829 719 898 infimum
747 828 889 898 obtinent]
932 829 1002 887 coa.
1026 833 1086 886 Cre.
1103 835 1128 886 1.
1156 831 1244 885 iocum
1270 843 1361 889 tenent

303 937 390 991 poene
412 918 543 989 infimum.
579 915 661 970 Dr'sd.
679 921 704 970 2.
724 932 812 985 mens
840 915 946 978 lorum
971 917 1067 972 Duisb.
1092 936 1177 988 paens
1200 919 1360 974 ultimum

306 1008 394 1060 iorum
409 1014 510 1062 iterent.
545 1003 619 1057 Gna.
638 1003 672 1057 Α.
692 1019 780 1073 poene
796 1002 923 1056 ultimum
942 1014 1034 1059 teneret
1051 1005 1147 1061 losum.
1197 1006 1244 1061 Eae
1267 1018 1359 1061 tenent
1468 1004 1474 1017 ’

305 1091 507 1165 prosilirent,
525 1091 553 1144 in
572 1090 702 1157 sedecim,
719 1099 750 1143 ut
767 1089 886 1156 ridetur,
904 1088 991 1146 codd.
1010 1091 1087 1158 Alii,
1106 1092 1135 1146 in
1155 1092 1221 1147 0¹1.
1235 1094 1255 1149 l.
1273 1094 1307 1149 Ν.
1323 1096 1359 1151 U.

307 1200 332 1248 η.
350 1197 379 1242 ψ.
397 1178 456 1234 Cre.
476 1183 502 1232 2.
520 1179 601 1233 Drsd.
620 1181 646 1232 1.
665 1180 691 1233 3.
708 1174 765 1247 (hie
782 1176 880 1232 omittit
895 1183 1004 1248 poene).
1050 1180 1080 1234 lu
1100 1182 1159 1235 cn.
1178 1184 1205 1237 3.
1233 1182 1359 1237 scribitur

305 1267 441 1336 optinent,
457 1265 486 1319 in
507 1263 618 1339 reliquie
635 1264 764 1319 obtinent.
810 1264 875 1318 Duo
890 1264 952 1319 Atti
971 1265 1084 1337 liabent,
1103 1278 1134 1322 ut
1152 1270 1210 1323 Cra.
1228 1271 1254 1322 1.
1271 1269 1357 1323 locum

304 1364 359 1409 ten.
373 1372 402 1423 p.
420 1352 551 1422 infimum.
586 1351 640 1405 Sed
658 1363 721 1407 sunt
738 1351 817 1409 etiam
833 1350 911 1418 Eud„
929 1372 999 1424 quae
1017 1354 1157 1410 exhibeant
1170 1365 1276 1409 tenente
1294 1356 1357 1411 Asc.

304 1442 385 1496 1511.
403 1428 482 1495 1520.
498 1438 561 1495 ete.
578 1441 658 1493 1⁵11.
675 1441 753 1493 esse
771 1440 843 1492 crat.
879 1437 962 1506 Quod
980 1460 1044 1494 ..ω
1062 1442 1099 1495 au
1118 1441 1290 1497 meletianos
1307 1442 1356 1497 tu.

303 1526 368 1583 lsere
381 1526 516 1583 tenentid
536 1545 591 1580 non
606 1526 686 1599 plane
703 1545 796 1581 rerum
816 1536 866 1582 est:
893 1526 922 1580 in
941 1527 1047 1582 duobus
1073 1529 1145 1582 enim
1164 1540 1202 1582 est
1219 1528 1356 1583 obtinent:

304 1633 393 1689 neque
411 1633 503 1668 rerum
521 1623 561 1668 est
577 1613 605 1667 in
622 1611 673 1668 Ed.
685 1613 811 1685 llerwag.
829 1632 885 1668 esse
903 1614 971 1669 illud
989 1624 1091 1671 tenent.
1126 1615 1169 1669 Aa
1187 1635 1299 1669 manum
1318 1627 1357 1671 est

301 1712 416 1775 utraque
438 1701 631 1774 llerwagiana,
657 1719 683 1755 a.
701 1703 781 1756 1534.
807 1712 848 1768 et,
878 1721 959 1774 quam
987 1721 1038 1756 nos
1061 1701 1175 1757 dicimus
1198 1700 1355 1770 camerarii,

301 1792 382 1849 totu.
417 1789 539 1862 Uimque
556 1788 637 1844 habet
654 1787 783 1844 obtinent.
828 1789 969 1844 Aberrarit
992 1789 1050 1843 siue
1077 1789 1161 1842 dubio
1186 1789 1243 1843 eius
1261 1790 1356 1845 oculus

301 1878 335 1930 ad
354 1877 510 1948 superiora,
536 1876 583 1931 ubi
601 1877 629 1930 in
656 1876 784 1930 omnibus
807 1886 844 1930 est
869 1876 955 1929 locum
981 1876 1123 1929 servitutis
1142 1870 1284 1931 tenent(
1322 1878 1352 1932 ln

301 1964 439 2018 Addendis
456 1963 632 2017 Gernlrardus
648 1964 765 2035 scripsit:
795 1962 947 2017 Bentleium
961 1963 995 2016 ad
1014 1963 1100 2032 ipsius
1117 1982 1211 2018 rocem
1228 1963 1351 2016 civitatis
1391 2017 1394 2022 ,

216 2040 218 2045 ’
301 2050 467 2123 intelligere,
487 2068 543 2103 nou
561 2050 686 2105 seribere.
715 2048 776 2101 Mr.

372 2140 491 2208 Magno,
519 2135 609 2207 inquis
617 2136 635 2203 ‚]
679 2132 761 2200 „uod
778 2152 893 2207 magno,
917 2135 1022 2209 inquis,
1051 2136 1124 2191 alias.
1146 2149 1240 2192 eontra
1258 2157 1352 2192 omnes

299 2224 359 2277 mei.
395 2225 506 2296 Inquit,
524 2222 587 2277 duo.
623 2223 736 2295 inquid,
755 2223 854 2276 unmf‘
872 2222 947 2277 tttd.
963 2222 1051 2277 Man.
1097 2223 1180 2292 Quod
1207 2225 1271 2278 alias
1297 2244 1352 2280 esse

298 2313 362 2365 secl
388 2332 487 2385 magna
516 2313 553 2368 ait
571 2312 669 2379 Aldus,
699 2329 749 2384 ego
780 2331 835 2364 non
860 2312 948 2383 reperi
973 2312 1023 2365 nisi
1051 2312 1080 2366 in
1103 2313 1185 2367 Drsd.
1206 2318 1231 2367 2.
1251 2314 1302 2367 Ox.
1319 2312 1352 2366 Ε.

297 2400 368 2454 Dedi
398 2411 487 2457 autem
511 2419 573 2455 cum
599 2399 650 2455 Or.
672 2399 754 2472 Borg.
780 2408 807 2452 et
824 2399 897 2453 Tbu.
923 2399 1028 2474 inquit,
1056 2411 1086 2454 ut
1104 2400 1196 2473 paullo
1219 2399 1350 2473 superius,

297 2490 379 2563 idque
408 2501 516 2544 tuentur
542 2489 628 2543 codd.
656 2487 751 2543 Duisb.
776 2491 833 2541 cn„
850 2490 878 2542 t.
902 2490 928 2543 3.
952 2488 1032 2542 Drsd.
1050 2491 1078 2543 t.
1106 2508 1176 2542 unus
1200 2489 1273 2542 Leid.
1300 2487 1351 2542 Ed.

299 2598 356 2649 pro.
377 2580 457 2633 14⁶5.
475 2578 524 2631 Ed.
543 2596 586 2647 ap.
604 2577 690 2630 Meus.
708 2595 738 2629 ex
764 2576 860 2630 nostris
877 2586 1015 2645 praeterea
1042 2578 1113 2631 Ven.
1128 2579 1208 2630 1492.
1232 2576 1313 2630 fleta.
1329 2597 1350 2630 s.

298 2663 315 2717 1.
335 2674 360 2716 et
379 2679 402 2715 a.
421 2659 482 2715 Atd.
501 2665 580 2715 tatt.
597 2660 676 2714 Boul.
714 2661 797 2729 Quod
814 2670 904 2715 autern
925 2659 1041 2729 Geruli„
1061 2662 1107 2733 qui
1126 2674 1236 2716 noverat
1254 2662 1348 2716 lectio-

299 2763 360 2801 nem
380 2745 447 2802 Coti.
466 2746 576 2813 Duisb.,
595 2746 683 2803 addit:
715 2748 825 2819 „inquit
851 2747 945 2800 eodem
963 2747 1039 2815 iure,
1068 2767 1123 2818 quo
1150 2766 1230 2819 supra
1254 2749 1350 2804 Parati.

296 2833 321 2907 fi.
341 2838 383 2890 20.
403 2845 429 2890 et
447 2838 489 2891 23.
509 2845 629 2906 putarem
649 2853 700 2906 pro
717 2834 809 2906 inquis
833 2833 1041 2901 restituendum,
1061 2834 1112 2887 nisi
1130 2834 1255 2888 codicum
1281 2854 1350 2907 peu-

299 2923 377 2977 citate
393 2921 551 2977 deterrerer.
586 2921 660 2976 ldem
687 2921 776 2976 statuit
800 2920 887 2977 Bentl.
907 2923 942 2975 ad
962 2922 985 2990 5.
1002 2924 1065 2976 23.“
1082 2950 1116 2963 ·-
1142 2921 1176 2975 ad
1192 2922 1219 2974 id
1237 2941 1350 2994 respon·

297 3010 348 3063 deo
367 3010 494 3082 primum,
511 3010 644 3064 librorum
662 3009 823 3082 paucitatem
842 3028 897 3063 non
918 3020 1019 3063 tantam
1038 3028 1103 3075 esse,
1122 3021 1250 3080 quantam
1262 3010 1349 3064 eristi·

297 3098 387 3152 mabai
405 3097 592 3152 Gernbartlus:
623 3096 719 3150 deinde
742 3096 763 3149 si
789 3094 830 3149 vel
857 3096 948 3151 minor
972 3106 1039 3150 esset
1062 3115 1192 3149 uumerus
1215 3096 1347 3150 librorum

296 3186 438 3241 uobiscum
465 3186 705 3252 consentientium,
744 3183 923 3253 reputandum
950 3203 1005 3237 esse
1026 3183 1106 3237 illud:
1130 3183 1151 3236 si
1176 3202 1191 3236 a
1217 3181 1348 3237 Cicerone

296 3275 448 3345 proiectum
467 3283 533 3329 esset
549 3273 651 3345 inquis,
669 3289 725 3325 non
741 3270 820 3326 {aute
838 3290 853 3324 a
872 3282 1025 3325 correctore
1044 3270 1135 3342 aliquo
1155 3281 1286 3323 mutarunt
1304 3289 1347 3323 es-

295 3371 335 3414 set
358 3360 387 3413 in
410 3360 516 3433 inquit:
542 3379 603 3415 eum
628 3358 700 3413 enim
726 3377 775 3429 per
797 3368 883 3411 totum
909 3358 966 3411 iere
992 3359 1150 3411 Paradoxon
1168 3358 1347 3411 adversarium

297 3444 450 3518 alloquatur
465 3445 578 3513 Cicero,
597 3465 711 3517 persona
729 3464 794 3498 usus
808 3445 940 3512 moenia,
958 3444 1024 3499 nihil
1045 3445 1128 3516 magis
1146 3444 1263 3518 proclive
1281 3456 1345 3513 eret,

297 3548 378 3607 quam
397 3545 501 3589 mutere
517 3535 608 3607 inquit
625 3534 653 3587 in
671 3534 776 3605 inquis,
794 3532 951 3605 praesertim
970 3551 1032 3587 cum
1058 3533 1176 3605 proxime
1200 3532 1347 3603 subsequa-

295 3634 353 3676 turt
372 3625 455 3675 Gerr
473 3621 561 3694 igitur
578 3623 696 3675 animone
714 3622 797 3675 leude
814 3622 932 3693 dignum.
951 3649 986 3661 -
1027 3620 1070 3674 Aul
1095 3619 1252 3678 sententiam
1270 3619 1345 3689 Xyst.

296 3707 443 3765 Betuleius:
462 3715 585 3783 „Magna
598 3709 667 3762 bellu
682 3711 769 3781 gessi:
788 3708 917 3763 nimirum
930 3708 1031 3763 bellum
1042 3707 1229 3762 catilinarium
1239 3716 1268 3760 et
1277 3705 1344 3760 Par·

295 3794 405 3863 thieum,
423 3799 496 3851 unde
513 3797 613 3871 aliquid
632 3798 716 3852 laudis
731 3798 886 3870 reportati:
904 3807 992 3851 oeten
1010 3814 1107 3867 parum
1118 3793 1262 3848 leudirtibi
1273 3804 1344 3847 attu-

294 3875 412 3938 lerunt.‘⁴
445 3885 537 3957 Pergit
548 3883 658 3938 GuelA.
675 3896 703 3937 et
722 3887 837 3956 magnis.
873 3884 990 3938 Drein'u
1008 3883 1090 3937 hebet
1106 3881 1221 3953 praesui
1236 3892 1265 3932 et
1279 3899 1344 3950 pro·

295 3970 399 4025 vinciis.
436 3969 508 4026 Gud.
525 3971 558 4026 Α.
578 3990 619 4024 me
634 3974 794 4043 praeposui,
815 3991 866 4044 pro
880 3971 1003 4044 praefui.
1039 3969 1099 4022 Mr.

367 4061 433 4111 Gere
455 4056 542 4128 igitur
565 4058 683 4110 animum
707 4058 790 4111 leude
811 4057 941 4131 dignum]
979 4056 1047 4112 eod.
1070 4055 1152 4109 Dat.
1169 4059 1197 4109 4.
1240 4054 1345 4107 erecte

293 4146 389 4219 igitur.
427 4143 499 4199 Gud.
519 4144 551 4198 Α.
576 4143 695 4195 animum
719 4145 861 4216 dignum
885 4145 1001 4199 laudo.
1020 4173 1055 4185 -·
1092 4142 1255 4215 „Eleganter
1279 4141 1344 4195 leaeo

295 4234 373 4289 rerba
390 4242 569 4305 opponuntur
590 4230 810 4289 ,antecedentibus
834 4233 904 4286 bello
929 4233 1010 4305 gessi.
1054 4236 1151 4287 Gerere
1169 4242 1258 4286 autem
1283 4230 1345 4282 eni-
