<?xml version="1.0" encoding="UTF-8"?>
<!DOCTYPE html PUBLIC "-//W3C//DTD XHTML 1.0 Transitional//EN"
    "http://www.w3.org/TR/xhtml1/DTD/xhtml1-transitional.dtd">
<html xmlns="http://www.w3.org/1999/xhtml" xml:lang="en" lang="en">
 <head>
  <title>
</title>
<meta http-equiv="Content-Type" content="text/html;charset=utf-8" />
  <meta name='ocr-system' content='tesseract 3.04.00' />
  <meta name='ocr-capabilities' content='ocr_page ocr_carea ocr_par ocr_line ocrx_word'/>
</head>
<body>
  <div class='ocr_page' id='page_1' title='image "./paradoxa01wyttgoog_0049.png"; bbox 0 0 3059 4925; ppageno 0'>
   <div class='ocr_carea' id='block_1_1' title="bbox 626 439 1249 507">
    <p class='ocr_par' dir='ltr' id='par_1_1' title="bbox 626 439 1249 507">
     <span class='ocr_line' id='line_1_1' title="bbox 626 439 1249 507; baseline 0.008 -14"><span class='ocrx_word' id='word_1_1' title='bbox 626 449 830 497; x_wconf 78' lang='lat' dir='ltr'>rnoonmun.</span> <span class='ocrx_word' id='word_1_2' title='bbox 1227 439 1249 507; x_wconf 92' lang='lat'>5</span> 
     </span>
    </p>
   </div>
   <div class='ocr_carea' id='block_1_2' title="bbox 197 595 1251 2954">
    <p class='ocr_par' dir='ltr' id='par_1_2' title="bbox 199 595 1251 1900">
     <span class='ocr_line' id='line_1_2' title="bbox 202 595 1251 677; baseline 0.019 -26"><span class='ocrx_word' id='word_1_3' title='bbox 202 620 279 671; x_wconf 81' lang='lat' dir='ltr'>saepe</span> <span class='ocrx_word' id='word_1_4' title='bbox 299 604 465 675; x_wconf 83' lang='lat' dir='ltr'>iungendum</span> <span class='ocrx_word' id='word_1_5' title='bbox 484 624 539 657; x_wconf 88' lang='lat' dir='ltr'>esse</span> <span class='ocrx_word' id='word_1_6' title='bbox 557 623 619 659; x_wconf 87' lang='lat' dir='ltr'>cum</span> <span class='ocrx_word' id='word_1_7' title='bbox 636 609 812 663; x_wconf 65' lang='lat' dir='ltr'>antecedente</span> <span class='ocrx_word' id='word_1_8' title='bbox 830 613 1023 677; x_wconf 75' lang='lat' dir='ltr'>animaduerti,</span> <span class='ocrx_word' id='word_1_9' title='bbox 1048 595 1103 668; x_wconf 78' lang='lat' dir='ltr'>non</span> <span class='ocrx_word' id='word_1_10' title='bbox 1129 637 1190 670; x_wconf 88' lang='lat' dir='ltr'>cum</span> <span class='ocrx_word' id='word_1_11' title='bbox 1208 638 1251 671; x_wconf 89' lang='lat' dir='ltr'>se·</span> 
     </span>
     <span class='ocr_line' id='line_1_3' title="bbox 202 691 1250 770; baseline 0.019 -31"><span class='ocrx_word' id='word_1_12' title='bbox 202 691 347 757; x_wconf 85' lang='lat' dir='ltr'>quentihus</span> <span class='ocrx_word' id='word_1_13' title='bbox 365 697 490 745; x_wconf 82' lang='lat' dir='ltr'>Catonem</span> <span class='ocrx_word' id='word_1_14' title='bbox 508 723 543 733; x_wconf 90' lang='lat'>-</span> <span class='ocrx_word' id='word_1_15' title='bbox 561 705 691 747; x_wconf 82' lang='lat' dir='ltr'>tractore.</span> <span class='ocrx_word' id='word_1_16' title='bbox 726 696 800 751; x_wconf 82' lang='lat' dir='ltr'>Idem</span> <span class='ocrx_word' id='word_1_17' title='bbox 820 699 906 770; x_wconf 89' lang='lat' dir='ltr'>pergit</span> <span class='ocrx_word' id='word_1_18' title='bbox 926 702 953 753; x_wconf 92' lang='lat' dir='ltr'>in</span> <span class='ocrx_word' id='word_1_19' title='bbox 972 701 1081 755; x_wconf 85' lang='lat' dir='ltr'>scholis:</span> <span class='ocrx_word' id='word_1_20' title='bbox 1107 705 1164 768; x_wconf 77' lang='lat' dir='ltr'>„tt</span> <span class='ocrx_word' id='word_1_21' title='bbox 1181 706 1250 758; x_wconf 91' lang='lat' dir='ltr'>Por-</span> 
     </span>
     <span class='ocr_line' id='line_1_4' title="bbox 201 767 1251 855; baseline 0.019 -28"><span class='ocrx_word' id='word_1_22' title='bbox 201 767 348 831; x_wconf 72' lang='lat' dir='ltr'>ciusCato</span> <span class='ocrx_word' id='word_1_23' title='bbox 372 779 422 833; x_wconf 92' lang='lat' dir='ltr'>luit</span> <span class='ocrx_word' id='word_1_24' title='bbox 448 800 583 853; x_wconf 74' lang='lat' dir='ltr'><strong>pronepos</strong></span> <span class='ocrx_word' id='word_1_25' title='bbox 607 782 646 834; x_wconf 88' lang='grc' dir='ltr'>Μ.</span> <span class='ocrx_word' id='word_1_26' title='bbox 671 784 758 838; x_wconf 92' lang='lat' dir='ltr'>Porcii</span> <span class='ocrx_word' id='word_1_27' title='bbox 785 785 894 840; x_wconf 84' lang='lat' dir='ltr'>Catonis</span> <span class='ocrx_word' id='word_1_28' title='bbox 917 788 987 841; x_wconf 87' lang='lat' dir='ltr'>illius</span> <span class='ocrx_word' id='word_1_29' title='bbox 1011 788 1146 855; x_wconf 86' lang='lat' dir='ltr'>Censorii,</span> <span class='ocrx_word' id='word_1_30' title='bbox 1175 794 1251 847; x_wconf 88' lang='lat' dir='ltr'>cuius</span> 
     </span>
     <span class='ocr_line' id='line_1_5' title="bbox 204 864 1251 947; baseline 0.019 -34"><span class='ocrx_word' id='word_1_31' title='bbox 204 864 313 916; x_wconf 89' lang='lat' dir='ltr'>nomine</span> <span class='ocrx_word' id='word_1_32' title='bbox 332 864 427 919; x_wconf 87' lang='lat' dir='ltr'>Cicero</span> <span class='ocrx_word' id='word_1_33' title='bbox 452 867 550 921; x_wconf 88' lang='lat' dir='ltr'>librum</span> <span class='ocrx_word' id='word_1_34' title='bbox 575 869 609 922; x_wconf 93' lang='lat' dir='ltr'>de</span> <span class='ocrx_word' id='word_1_35' title='bbox 632 870 776 926; x_wconf 71' lang='lat' dir='ltr'>Senectute</span> <span class='ocrx_word' id='word_1_36' title='bbox 800 875 940 947; x_wconf 84' lang='lat' dir='ltr'>insignivit.</span> <span class='ocrx_word' id='word_1_37' title='bbox 977 877 1082 931; x_wconf 75' lang='lat' dir='ltr'>Dicitur</span> <span class='ocrx_word' id='word_1_38' title='bbox 1100 890 1188 932; x_wconf 89' lang='lat' dir='ltr'>autem</span> <span class='ocrx_word' id='word_1_39' title='bbox 1207 880 1251 934; x_wconf 92' lang='lat' dir='ltr'>hic</span> 
     </span>
     <span class='ocr_line' id='line_1_6' title="bbox 202 953 1250 1030; baseline 0.018 -27"><span class='ocrx_word' id='word_1_40' title='bbox 202 953 348 1005; x_wconf 73' lang='lat' dir='ltr'>avunculus</span> <span class='ocrx_word' id='word_1_41' title='bbox 371 953 446 1008; x_wconf 89' lang='lat' dir='ltr'>Bruti</span> <span class='ocrx_word' id='word_1_42' title='bbox 473 967 628 1026; x_wconf 88' lang='lat' dir='ltr'>propterea,</span> <span class='ocrx_word' id='word_1_43' title='bbox 655 959 716 1030; x_wconf 90' lang='lat' dir='ltr'>quia</span> <span class='ocrx_word' id='word_1_44' title='bbox 742 958 852 1015; x_wconf 87' lang='lat' dir='ltr'>Catonis</span> <span class='ocrx_word' id='word_1_45' title='bbox 874 982 951 1017; x_wconf 87' lang='lat' dir='ltr'>soror</span> <span class='ocrx_word' id='word_1_46' title='bbox 976 965 1079 1018; x_wconf 89' lang='lat' dir='ltr'>uterina</span> <span class='ocrx_word' id='word_1_47' title='bbox 1102 987 1132 1018; x_wconf 81' lang='lat' dir='ltr'>ex</span> <span class='ocrx_word' id='word_1_48' title='bbox 1157 969 1250 1022; x_wconf 87' lang='lat' dir='ltr'>eadem</span> 
     </span>
     <span class='ocr_line' id='line_1_7' title="bbox 202 1040 1251 1121; baseline 0.018 -31"><span class='ocrx_word' id='word_1_49' title='bbox 202 1051 303 1106; x_wconf 88' lang='lat' dir='ltr'>matre,</span> <span class='ocrx_word' id='word_1_50' title='bbox 320 1041 365 1093; x_wconf 88' lang='lat' dir='ltr'>sed</span> <span class='ocrx_word' id='word_1_51' title='bbox 384 1040 437 1094; x_wconf 88' lang='lat' dir='ltr'>alio</span> <span class='ocrx_word' id='word_1_52' title='bbox 455 1054 545 1112; x_wconf 84' lang='lat' dir='ltr'>patre,</span> <span class='ocrx_word' id='word_1_53' title='bbox 564 1056 623 1099; x_wconf 86' lang='lat' dir='ltr'>uota</span> <span class='ocrx_word' id='word_1_54' title='bbox 641 1055 700 1100; x_wconf 85' lang='lat' dir='ltr'>erat</span> <span class='ocrx_word' id='word_1_55' title='bbox 717 1049 843 1116; x_wconf 80' lang='lat' dir='ltr'>Servilia,</span> <span class='ocrx_word' id='word_1_56' title='bbox 862 1052 938 1105; x_wconf 90' lang='lat' dir='ltr'>cuius</span> <span class='ocrx_word' id='word_1_57' title='bbox 956 1053 1053 1118; x_wconf 79' lang='lat' dir='ltr'>frater,</span> <span class='ocrx_word' id='word_1_58' title='bbox 1070 1052 1108 1121; x_wconf 86' lang='lat' dir='ltr'>Q.</span> <span class='ocrx_word' id='word_1_59' title='bbox 1124 1054 1251 1110; x_wconf 78' lang='lat' dir='ltr'>Servilius</span> 
     </span>
     <span class='ocr_line' id='line_1_8' title="bbox 202 1126 1250 1203; baseline 0.019 -26"><span class='ocrx_word' id='word_1_60' title='bbox 202 1126 311 1197; x_wconf 87' lang='lat' dir='ltr'>Caepio,</span> <span class='ocrx_word' id='word_1_61' title='bbox 330 1127 444 1182; x_wconf 78' lang='lat' dir='ltr'>Brutum</span> <span class='ocrx_word' id='word_1_62' title='bbox 464 1142 554 1200; x_wconf 88' lang='lat' dir='ltr'>postea</span> <span class='ocrx_word' id='word_1_63' title='bbox 570 1133 721 1203; x_wconf 66' lang='lat' dir='ltr'>adoptavit..</span> <span class='ocrx_word' id='word_1_64' title='bbox 746 1136 821 1191; x_wconf 89' lang='lat' dir='ltr'>llanc</span> <span class='ocrx_word' id='word_1_65' title='bbox 838 1150 926 1192; x_wconf 88' lang='lat' dir='ltr'>autern</span> <span class='ocrx_word' id='word_1_66' title='bbox 944 1140 1099 1194; x_wconf 81' lang='lat' dir='ltr'>affinitatem</span> <span class='ocrx_word' id='word_1_67' title='bbox 1112 1143 1190 1196; x_wconf 88' lang='lat' dir='ltr'>docte</span> <span class='ocrx_word' id='word_1_68' title='bbox 1205 1163 1250 1196; x_wconf 77' lang='lat' dir='ltr'>ex-</span> 
     </span>
     <span class='ocr_line' id='line_1_9' title="bbox 201 1213 1250 1296; baseline 0.02 -32"><span class='ocrx_word' id='word_1_69' title='bbox 201 1213 297 1285; x_wconf 75' lang='lat' dir='ltr'>plicuit</span> <span class='ocrx_word' id='word_1_70' title='bbox 314 1214 413 1268; x_wconf 86' lang='lat' dir='ltr'>Paulus</span> <span class='ocrx_word' id='word_1_71' title='bbox 427 1216 566 1271; x_wconf 79' lang='lat' dir='ltr'>Manutius</span> <span class='ocrx_word' id='word_1_72' title='bbox 582 1220 614 1272; x_wconf 90' lang='lat' dir='ltr'>ad</span> <span class='ocrx_word' id='word_1_73' title='bbox 634 1219 690 1274; x_wconf 88' lang='lat' dir='ltr'>Cic.</span> <span class='ocrx_word' id='word_1_74' title='bbox 709 1223 743 1274; x_wconf 89' lang='lat' dir='ltr'>de</span> <span class='ocrx_word' id='word_1_75' title='bbox 760 1223 839 1277; x_wconf 81' lang='lat' dir='ltr'>Finu.</span> <span class='ocrx_word' id='word_1_76' title='bbox 854 1226 897 1279; x_wconf 91' lang='lat' dir='ltr'>lll.</span> <span class='ocrx_word' id='word_1_77' title='bbox 917 1229 963 1281; x_wconf 84' lang='lat'>1.“</span> <span class='ocrx_word' id='word_1_78' title='bbox 1000 1228 1084 1294; x_wconf 84' lang='lat' dir='ltr'>[Fecit</span> <span class='ocrx_word' id='word_1_79' title='bbox 1102 1230 1181 1296; x_wconf 89' lang='lat' dir='ltr'>idem,</span> <span class='ocrx_word' id='word_1_80' title='bbox 1200 1232 1250 1284; x_wconf 85' lang='lat' dir='ltr'>ad-</span> 
     </span>
     <span class='ocr_line' id='line_1_10' title="bbox 201 1300 1250 1381; baseline 0.018 -30"><span class='ocrx_word' id='word_1_81' title='bbox 201 1300 256 1353; x_wconf 87' lang='lat' dir='ltr'>dita</span> <span class='ocrx_word' id='word_1_82' title='bbox 279 1302 367 1354; x_wconf 83' lang='lat' dir='ltr'>tabula</span> <span class='ocrx_word' id='word_1_83' title='bbox 391 1304 563 1377; x_wconf 76' lang='lat' dir='ltr'>genealogica</span> <span class='ocrx_word' id='word_1_84' title='bbox 589 1307 705 1373; x_wconf 86' lang='lat' dir='ltr'>maiore,</span> <span class='ocrx_word' id='word_1_85' title='bbox 731 1310 829 1381; x_wconf 78' lang='lat' dir='ltr'>Xystus</span> <span class='ocrx_word' id='word_1_86' title='bbox 846 1313 980 1367; x_wconf 90' lang='lat' dir='ltr'>Betuleius</span> <span class='ocrx_word' id='word_1_87' title='bbox 999 1316 1026 1368; x_wconf 91' lang='lat' dir='ltr'>in</span> <span class='ocrx_word' id='word_1_88' title='bbox 1048 1316 1250 1371; x_wconf 79' lang='lat' dir='ltr'>Commentario</span> 
     </span>
     <span class='ocr_line' id='line_1_11' title="bbox 200 1387 1249 1467; baseline 0.013 -25"><span class='ocrx_word' id='word_1_89' title='bbox 200 1388 232 1442; x_wconf 88' lang='lat' dir='ltr'>ad</span> <span class='ocrx_word' id='word_1_90' title='bbox 252 1387 278 1440; x_wconf 89' lang='lat' dir='ltr'>h.</span> <span class='ocrx_word' id='word_1_91' title='bbox 293 1388 309 1440; x_wconf 91' lang='grc' dir='ltr'>Ι.</span> <span class='ocrx_word' id='word_1_92' title='bbox 333 1409 359 1460; x_wconf 87' lang='lat' dir='ltr'>p.</span> <span class='ocrx_word' id='word_1_93' title='bbox 378 1395 403 1443; x_wconf 84' lang='lat'>8.</span> <span class='ocrx_word' id='word_1_94' title='bbox 438 1392 506 1444; x_wconf 74' lang='lat' dir='ltr'>Add.</span> <span class='ocrx_word' id='word_1_95' title='bbox 530 1393 568 1446; x_wconf 89' lang='lat' dir='ltr'>lo.</span> <span class='ocrx_word' id='word_1_96' title='bbox 597 1394 757 1467; x_wconf 83' lang='lat' dir='ltr'>Glandorpii</span> <span class='ocrx_word' id='word_1_97' title='bbox 782 1398 977 1455; x_wconf 87' lang='lat' dir='ltr'>Onomasticon</span> <span class='ocrx_word' id='word_1_98' title='bbox 1000 1403 1129 1456; x_wconf 83' lang='lat' dir='ltr'>llistoriae</span> <span class='ocrx_word' id='word_1_99' title='bbox 1148 1405 1249 1456; x_wconf 85' lang='lat' dir='ltr'>Roma-</span> 
     </span>
     <span class='ocr_line' id='line_1_12' title="bbox 200 1477 1250 1561; baseline 0.016 -35"><span class='ocrx_word' id='word_1_100' title='bbox 200 1495 258 1528; x_wconf 85' lang='lat' dir='ltr'>nae.</span> <span class='ocrx_word' id='word_1_101' title='bbox 284 1477 374 1529; x_wconf 83' lang='lat' dir='ltr'>Frcol.</span> <span class='ocrx_word' id='word_1_102' title='bbox 391 1478 513 1534; x_wconf 85' lang='lat' dir='ltr'>Wechel.</span> <span class='ocrx_word' id='word_1_103' title='bbox 532 1483 611 1536; x_wconf 73' lang='grc'><strong>15119.</strong></span> <span class='ocrx_word' id='word_1_104' title='bbox 637 1483 656 1537; x_wconf 83' lang='lat' dir='ltr'>f.</span> <span class='ocrx_word' id='word_1_105' title='bbox 676 1503 712 1536; x_wconf 89' lang='lat' dir='ltr'>m.</span> <span class='ocrx_word' id='word_1_106' title='bbox 739 1485 772 1537; x_wconf 89' lang='lat' dir='ltr'>de</span> <span class='ocrx_word' id='word_1_107' title='bbox 790 1486 889 1540; x_wconf 87' lang='lat' dir='ltr'>lamilia</span> <span class='ocrx_word' id='word_1_108' title='bbox 909 1490 984 1543; x_wconf 89' lang='lat' dir='ltr'>lunia</span> <span class='ocrx_word' id='word_1_109' title='bbox 1006 1512 1031 1561; x_wconf 89' lang='lat' dir='ltr'>p.</span> <span class='ocrx_word' id='word_1_110' title='bbox 1048 1495 1200 1545; x_wconf 54' lang='grc'><strong>4954510.</strong></span> <span class='ocrx_word' id='word_1_111' title='bbox 1224 1503 1250 1543; x_wconf 88' lang='lat' dir='ltr'>et</span> 
     </span>
     <span class='ocr_line' id='line_1_13' title="bbox 200 1562 1250 1645; baseline 0.018 -32"><span class='ocrx_word' id='word_1_112' title='bbox 200 1562 233 1615; x_wconf 93' lang='lat' dir='ltr'>de</span> <span class='ocrx_word' id='word_1_113' title='bbox 252 1563 350 1617; x_wconf 79' lang='lat' dir='ltr'>familia</span> <span class='ocrx_word' id='word_1_114' title='bbox 368 1567 464 1622; x_wconf 82' lang='lat' dir='ltr'>Porcia</span> <span class='ocrx_word' id='word_1_115' title='bbox 485 1588 509 1638; x_wconf 79' lang='lat' dir='ltr'>p.</span> <span class='ocrx_word' id='word_1_116' title='bbox 521 1573 672 1623; x_wconf 71' lang='lat' dir='ltr'>tte-718.</span> <span class='ocrx_word' id='word_1_117' title='bbox 691 1575 761 1626; x_wconf 88' lang='lat' dir='ltr'>etin</span> <span class='ocrx_word' id='word_1_118' title='bbox 782 1576 874 1645; x_wconf 90' lang='lat' dir='ltr'>primis</span> <span class='ocrx_word' id='word_1_119' title='bbox 886 1576 983 1629; x_wconf 88' lang='lat' dir='ltr'>Orellii</span> <span class='ocrx_word' id='word_1_120' title='bbox 994 1578 1159 1631; x_wconf 81' lang='lat' dir='ltr'>Onomastic</span> <span class='ocrx_word' id='word_1_121' title='bbox 1178 1579 1250 1632; x_wconf 85' lang='lat' dir='ltr'>Tull.</span> 
     </span>
     <span class='ocr_line' id='line_1_14' title="bbox 199 1652 1247 1735; baseline 0.015 -34"><span class='ocrx_word' id='word_1_122' title='bbox 199 1652 230 1702; x_wconf 86' lang='lat' dir='ltr'>P.</span> <span class='ocrx_word' id='word_1_123' title='bbox 251 1652 282 1718; x_wconf 86' lang='lat' dir='ltr'>ll,</span> <span class='ocrx_word' id='word_1_124' title='bbox 307 1674 337 1724; x_wconf 87' lang='lat' dir='ltr'>p.</span> <span class='ocrx_word' id='word_1_125' title='bbox 356 1658 513 1722; x_wconf 71' lang='lat' dir='ltr'>tea-att,</span> <span class='ocrx_word' id='word_1_126' title='bbox 547 1657 580 1710; x_wconf 87' lang='lat' dir='ltr'>de</span> <span class='ocrx_word' id='word_1_127' title='bbox 606 1670 684 1727; x_wconf 90' lang='lat' dir='ltr'>gente</span> <span class='ocrx_word' id='word_1_128' title='bbox 710 1660 824 1725; x_wconf 86' lang='lat' dir='ltr'>Porcia,</span> <span class='ocrx_word' id='word_1_129' title='bbox 857 1663 982 1733; x_wconf 81' lang='lat' dir='ltr'>idemque</span> <span class='ocrx_word' id='word_1_130' title='bbox 1013 1665 1046 1717; x_wconf 81' lang='lat' dir='ltr'>de</span> <span class='ocrx_word' id='word_1_131' title='bbox 1070 1676 1149 1735; x_wconf 89' lang='lat' dir='ltr'>gente</span> <span class='ocrx_word' id='word_1_132' title='bbox 1172 1665 1247 1717; x_wconf 86' lang='lat' dir='ltr'>lunia</span> 
     </span>
     <span class='ocr_line' id='line_1_15' title="bbox 200 1742 1247 1819; baseline 0.011 -27"><span class='ocrx_word' id='word_1_133' title='bbox 200 1760 226 1809; x_wconf 78' lang='lat' dir='ltr'>p.</span> <span class='ocrx_word' id='word_1_134' title='bbox 244 1742 405 1809; x_wconf 59' lang='lat' dir='ltr'>ata-324]</span> <span class='ocrx_word' id='word_1_135' title='bbox 443 1745 500 1796; x_wconf 74' lang='lat' dir='ltr'>Vos</span> <span class='ocrx_word' id='word_1_136' title='bbox 527 1763 606 1814; x_wconf 82' lang='lat' dir='ltr'>saepe</span> <span class='ocrx_word' id='word_1_137' title='bbox 631 1746 735 1798; x_wconf 77' lang='lat' dir='ltr'>inverso</span> <span class='ocrx_word' id='word_1_138' title='bbox 760 1748 855 1801; x_wconf 88' lang='lat' dir='ltr'>ordine</span> <span class='ocrx_word' id='word_1_139' title='bbox 882 1750 965 1819; x_wconf 85' lang='lat' dir='ltr'>posita</span> <span class='ocrx_word' id='word_1_140' title='bbox 991 1763 1030 1803; x_wconf 85' lang='lat' dir='ltr'>est</span> <span class='ocrx_word' id='word_1_141' title='bbox 1052 1753 1087 1802; x_wconf 87' lang='lat' dir='ltr'>ab</span> <span class='ocrx_word' id='word_1_142' title='bbox 1112 1752 1190 1804; x_wconf 76' lang='lat' dir='ltr'>Auct.</span> <span class='ocrx_word' id='word_1_143' title='bbox 1214 1755 1247 1804; x_wconf 89' lang='lat' dir='ltr'>ad</span> 
     </span>
     <span class='ocr_line' id='line_1_16' title="bbox 199 1828 928 1900; baseline 0.015 -22"><span class='ocrx_word' id='word_1_144' title='bbox 199 1828 261 1881; x_wconf 88' lang='lat' dir='ltr'>Her.</span> <span class='ocrx_word' id='word_1_145' title='bbox 277 1828 324 1892; x_wconf 89' lang='lat' dir='ltr'>lV,</span> <span class='ocrx_word' id='word_1_146' title='bbox 343 1834 388 1881; x_wconf 78' lang='lat'>24:</span> <span class='ocrx_word' id='word_1_147' title='bbox 408 1834 506 1900; x_wconf 80' lang='lat' dir='ltr'>Saepe,</span> <span class='ocrx_word' id='word_1_148' title='bbox 524 1832 642 1897; x_wconf 75' lang='lat' dir='ltr'>iudices,</span> <span class='ocrx_word' id='word_1_149' title='bbox 660 1835 851 1888; x_wconf 75' lang='lat' dir='ltr'>animaduerti.</span> <span class='ocrx_word' id='word_1_150' title='bbox 869 1837 899 1886; x_wconf 83' lang='lat' dir='ltr'>hl</span> <span class='ocrx_word' id='word_1_151' title='bbox 908 1857 928 1889; x_wconf 93' lang='lat' dir='ltr'>r.</span> 
     </span>
    </p>

    <p class='ocr_par' dir='ltr' id='par_1_3' title="bbox 197 1918 1248 2954">
     <span class='ocr_line' id='line_1_17' title="bbox 270 1918 1248 1990; baseline 0.011 -24"><span class='ocrx_word' id='word_1_152' title='bbox 270 1918 446 1968; x_wconf 76' lang='lat' dir='ltr'>Avunculum</span> <span class='ocrx_word' id='word_1_153' title='bbox 462 1921 551 1987; x_wconf 79' lang='lat' dir='ltr'>cuum]</span> <span class='ocrx_word' id='word_1_154' title='bbox 571 1922 652 1987; x_wconf 85' lang='lat' dir='ltr'>„Fuit</span> <span class='ocrx_word' id='word_1_155' title='bbox 670 1942 725 1975; x_wconf 91' lang='lat' dir='ltr'>non</span> <span class='ocrx_word' id='word_1_156' title='bbox 740 1924 887 1976; x_wconf 83' lang='lat' dir='ltr'>avunculus</span> <span class='ocrx_word' id='word_1_157' title='bbox 901 1926 991 1990; x_wconf 89' lang='lat' dir='ltr'>modo,</span> <span class='ocrx_word' id='word_1_158' title='bbox 1006 1926 1054 1978; x_wconf 87' lang='lat' dir='ltr'>-sed</span> <span class='ocrx_word' id='word_1_159' title='bbox 1071 1928 1149 1980; x_wconf 87' lang='lat' dir='ltr'>etiam</span> <span class='ocrx_word' id='word_1_160' title='bbox 1164 1945 1248 1979; x_wconf 85' lang='lat' dir='ltr'>socer.</span> 
     </span>
     <span class='ocr_line' id='line_1_18' title="bbox 199 1999 1246 2079; baseline 0.008 -24"><span class='ocrx_word' id='word_1_161' title='bbox 199 2003 266 2056; x_wconf 86' lang='lat' dir='ltr'>Nam</span> <span class='ocrx_word' id='word_1_162' title='bbox 286 2006 512 2077; x_wconf 75' lang='lat' dir='ltr'>quemadmodum</span> <span class='ocrx_word' id='word_1_163' title='bbox 531 2007 682 2074; x_wconf 75' lang='lat' dir='ltr'>Serviliam,</span> <span class='ocrx_word' id='word_1_164' title='bbox 700 1999 820 2063; x_wconf 86' lang='lat' dir='ltr'>Catonis</span> <span class='ocrx_word' id='word_1_165' title='bbox 837 2011 969 2066; x_wconf 79' lang='lat' dir='ltr'>Uticensis</span> <span class='ocrx_word' id='word_1_166' title='bbox 985 2032 1114 2079; x_wconf 87' lang='lat' dir='ltr'>sororem,</span> <span class='ocrx_word' id='word_1_167' title='bbox 1135 2024 1246 2065; x_wconf 86' lang='lat' dir='ltr'>matrem</span> 
     </span>
     <span class='ocr_line' id='line_1_19' title="bbox 197 2092 1246 2171; baseline 0.007 -26"><span class='ocrx_word' id='word_1_168' title='bbox 197 2092 302 2157; x_wconf 88' lang='lat' dir='ltr'>hahuit,</span> <span class='ocrx_word' id='word_1_169' title='bbox 330 2093 369 2146; x_wconf 91' lang='lat' dir='ltr'>sic</span> <span class='ocrx_word' id='word_1_170' title='bbox 388 2093 527 2160; x_wconf 78' lang='lat' dir='ltr'>Porciam,</span> <span class='ocrx_word' id='word_1_171' title='bbox 557 2097 674 2149; x_wconf 87' lang='lat' dir='ltr'>eiusdem</span> <span class='ocrx_word' id='word_1_172' title='bbox 698 2097 809 2152; x_wconf 86' lang='lat' dir='ltr'>Catonis</span> <span class='ocrx_word' id='word_1_173' title='bbox 832 2099 928 2166; x_wconf 75' lang='lat' dir='ltr'>filiam,</span> <span class='ocrx_word' id='word_1_174' title='bbox 958 2099 1051 2154; x_wconf 89' lang='lat' dir='ltr'>hahuit</span> <span class='ocrx_word' id='word_1_175' title='bbox 1074 2100 1246 2171; x_wconf 83' lang='lat' dir='ltr'>coniugem.“</span> 
     </span>
     <span class='ocr_line' id='line_1_20' title="bbox 198 2179 1246 2256; baseline 0.01 -25"><span class='ocrx_word' id='word_1_176' title='bbox 198 2180 220 2231; x_wconf 82' lang='lat' dir='ltr'>X</span> <span class='ocrx_word' id='word_1_177' title='bbox 228 2191 292 2251; x_wconf 84' lang='lat' dir='ltr'>yst.</span> <span class='ocrx_word' id='word_1_178' title='bbox 315 2179 428 2235; x_wconf 87' lang='lat' dir='ltr'>Betul.</span> <span class='ocrx_word' id='word_1_179' title='bbox 465 2182 539 2248; x_wconf 90' lang='lat' dir='ltr'>[Vid.</span> <span class='ocrx_word' id='word_1_180' title='bbox 558 2182 695 2239; x_wconf 76' lang='lat' dir='ltr'>Plutarch.</span> <span class='ocrx_word' id='word_1_181' title='bbox 712 2186 740 2237; x_wconf 91' lang='lat' dir='ltr'>in</span> <span class='ocrx_word' id='word_1_182' title='bbox 757 2186 898 2253; x_wconf 81' lang='lat' dir='ltr'>Bruto,&#39;2,</span> <span class='ocrx_word' id='word_1_183' title='bbox 919 2188 989 2240; x_wconf 89' lang='lat' dir='ltr'>etin</span> <span class='ocrx_word' id='word_1_184' title='bbox 1009 2187 1130 2255; x_wconf 87' lang='lat' dir='ltr'>Caesare,</span> <span class='ocrx_word' id='word_1_185' title='bbox 1150 2208 1172 2241; x_wconf 88' lang='lat' dir='ltr'>c.</span> <span class='ocrx_word' id='word_1_186' title='bbox 1192 2192 1246 2256; x_wconf 60' lang='lat' dir='ltr'>tiz]</span> 
     </span>
     <span class='ocr_line' id='line_1_21' title="bbox 198 2267 1245 2345; baseline 0.01 -27"><span class='ocrx_word' id='word_1_187' title='bbox 198 2267 269 2319; x_wconf 88' lang='lat' dir='ltr'>ldem</span> <span class='ocrx_word' id='word_1_188' title='bbox 289 2267 321 2318; x_wconf 85' lang='lat' dir='ltr'>ad</span> <span class='ocrx_word' id='word_1_189' title='bbox 341 2286 428 2339; x_wconf 76' lang='lat' dir='ltr'>seqq:</span> <span class='ocrx_word' id='word_1_190' title='bbox 451 2268 554 2333; x_wconf 88' lang='lat' dir='ltr'>„Cuius</span> <span class='ocrx_word' id='word_1_191' title='bbox 572 2273 729 2325; x_wconf 88' lang='lat' dir='ltr'>sententiam</span> <span class='ocrx_word' id='word_1_192' title='bbox 749 2274 856 2326; x_wconf 89' lang='lat' dir='ltr'>dicendi</span> <span class='ocrx_word' id='word_1_193' title='bbox 873 2275 955 2327; x_wconf 89' lang='lat' dir='ltr'>moris</span> <span class='ocrx_word' id='word_1_194' title='bbox 972 2293 986 2326; x_wconf 92' lang='lat' dir='ltr'>a</span> <span class='ocrx_word' id='word_1_195' title='bbox 1006 2272 1109 2327; x_wconf 88' lang='lat' dir='ltr'>Catone</span> <span class='ocrx_word' id='word_1_196' title='bbox 1127 2277 1245 2345; x_wconf 90' lang='lat' dir='ltr'>usurpati</span> 
     </span>
     <span class='ocr_line' id='line_1_22' title="bbox 199 2345 1246 2431; baseline 0.007 -24"><span class='ocrx_word' id='word_1_197' title='bbox 199 2345 364 2426; x_wconf 83' lang='lat' dir='ltr'>praeclarum</span> <span class='ocrx_word' id='word_1_198' title='bbox 383 2367 463 2410; x_wconf 79' lang='lat' dir='ltr'>exstat</span> <span class='ocrx_word' id='word_1_199' title='bbox 480 2360 629 2429; x_wconf 81' lang='lat' dir='ltr'>exemplum</span> <span class='ocrx_word' id='word_1_200' title='bbox 649 2362 719 2431; x_wconf 85' lang='lat' dir='ltr'>apud</span> <span class='ocrx_word' id='word_1_201' title='bbox 739 2361 905 2425; x_wconf 84' lang='lat' dir='ltr'>Sallustium,</span> <span class='ocrx_word' id='word_1_202' title='bbox 926 2361 1022 2414; x_wconf 85' lang='lat' dir='ltr'>Oratio</span> <span class='ocrx_word' id='word_1_203' title='bbox 1040 2374 1132 2416; x_wconf 84' lang='lat' dir='ltr'>contra</span> <span class='ocrx_word' id='word_1_204' title='bbox 1152 2361 1246 2415; x_wconf 90' lang='lat' dir='ltr'>Catili-</span> 
     </span>
     <span class='ocr_line' id='line_1_23' title="bbox 199 2444 1244 2520; baseline 0.003 -22"><span class='ocrx_word' id='word_1_205' title='bbox 199 2446 287 2499; x_wconf 88' lang='lat' dir='ltr'>narios</span> <span class='ocrx_word' id='word_1_206' title='bbox 304 2445 427 2498; x_wconf 77' lang='lat' dir='ltr'>adsersus</span> <span class='ocrx_word' id='word_1_207' title='bbox 445 2444 565 2501; x_wconf 85' lang='lat' dir='ltr'>Caesaris</span> <span class='ocrx_word' id='word_1_208' title='bbox 584 2448 740 2511; x_wconf 80' lang='lat' dir='ltr'>sententiam</span> <span class='ocrx_word' id='word_1_209' title='bbox 760 2448 861 2503; x_wconf 88' lang='lat' dir='ltr'>hahita:</span> <span class='ocrx_word' id='word_1_210' title='bbox 890 2450 959 2520; x_wconf 91' lang='lat' dir='ltr'>[cap.</span> <span class='ocrx_word' id='word_1_211' title='bbox 978 2454 1026 2503; x_wconf 70' lang='lat'>522</span> <span class='ocrx_word' id='word_1_212' title='bbox 1057 2468 1125 2520; x_wconf 84' lang='lat' dir='ltr'>quae</span> <span class='ocrx_word' id='word_1_213' title='bbox 1150 2449 1244 2513; x_wconf 83' lang='lat' dir='ltr'>oratio,</span> 
     </span>
     <span class='ocr_line' id='line_1_24' title="bbox 198 2533 1245 2607; baseline 0.003 -21"><span class='ocrx_word' id='word_1_214' title='bbox 198 2553 361 2605; x_wconf 90' lang='lat' dir='ltr'>quamquam</span> <span class='ocrx_word' id='word_1_215' title='bbox 387 2550 401 2586; x_wconf 88' lang='lat' dir='ltr'>a</span> <span class='ocrx_word' id='word_1_216' title='bbox 427 2533 552 2588; x_wconf 83' lang='lat' dir='ltr'>Sallustio</span> <span class='ocrx_word' id='word_1_217' title='bbox 576 2536 740 2607; x_wconf 81' lang='lat' dir='ltr'>composita,</span> <span class='ocrx_word' id='word_1_218' title='bbox 759 2538 878 2591; x_wconf 75' lang='lat' dir='ltr'>‘Catonis</span> <span class='ocrx_word' id='word_1_219' title='bbox 901 2547 988 2591; x_wconf 89' lang='lat' dir='ltr'>tamen</span> <span class='ocrx_word' id='word_1_220' title='bbox 1014 2547 1130 2589; x_wconf 86' lang='lat' dir='ltr'>mentem</span> <span class='ocrx_word' id='word_1_221' title='bbox 1154 2548 1180 2590; x_wconf 90' lang='lat' dir='ltr'>et</span> <span class='ocrx_word' id='word_1_222' title='bbox 1203 2536 1245 2589; x_wconf 89' lang='lat' dir='ltr'>lo-</span> 
     </span>
     <span class='ocr_line' id='line_1_25' title="bbox 198 2620 1244 2696; baseline 0.005 -24"><span class='ocrx_word' id='word_1_223' title='bbox 198 2620 297 2691; x_wconf 90' lang='lat' dir='ltr'>quendi</span> <span class='ocrx_word' id='word_1_224' title='bbox 317 2638 420 2673; x_wconf 91' lang='lat' dir='ltr'>morem</span> <span class='ocrx_word' id='word_1_225' title='bbox 439 2622 543 2675; x_wconf 77' lang='lat' dir='ltr'>videtur</span> <span class='ocrx_word' id='word_1_226' title='bbox 560 2624 682 2690; x_wconf 62' lang='lat' dir='ltr'>referre}</span> <span class='ocrx_word' id='word_1_227' title='bbox 718 2624 811 2696; x_wconf 87' lang='lat' dir='ltr'>Neque</span> <span class='ocrx_word' id='word_1_228' title='bbox 829 2626 857 2680; x_wconf 86' lang='lat' dir='ltr'>in</span> <span class='ocrx_word' id='word_1_229' title='bbox 876 2636 968 2678; x_wconf 90' lang='lat' dir='ltr'>senatu</span> <span class='ocrx_word' id='word_1_230' title='bbox 987 2624 1082 2691; x_wconf 89' lang='lat' dir='ltr'>modo,</span> <span class='ocrx_word' id='word_1_231' title='bbox 1102 2625 1146 2677; x_wconf 87' lang='lat' dir='ltr'>sed</span> <span class='ocrx_word' id='word_1_232' title='bbox 1166 2626 1244 2679; x_wconf 86' lang='lat' dir='ltr'>etiam</span> 
     </span>
     <span class='ocr_line' id='line_1_26' title="bbox 197 2709 1245 2784; baseline 0.004 -25"><span class='ocrx_word' id='word_1_233' title='bbox 197 2709 223 2760; x_wconf 91' lang='lat' dir='ltr'>in</span> <span class='ocrx_word' id='word_1_234' title='bbox 243 2709 400 2762; x_wconf 88' lang='lat' dir='ltr'>militaribus</span> <span class='ocrx_word' id='word_1_235' title='bbox 418 2710 599 2775; x_wconf 84' lang='lat' dir='ltr'>orationihus,</span> <span class='ocrx_word' id='word_1_236' title='bbox 623 2710 650 2762; x_wconf 88' lang='lat' dir='ltr'>in</span> <span class='ocrx_word' id='word_1_237' title='bbox 670 2710 742 2764; x_wconf 91' lang='lat' dir='ltr'>locos</span> <span class='ocrx_word' id='word_1_238' title='bbox 761 2711 958 2784; x_wconf 83' lang='lat' dir='ltr'>philosophicos</span> <span class='ocrx_word' id='word_1_239' title='bbox 975 2713 1142 2766; x_wconf 76' lang='lat' dir='ltr'>excursiones</span> <span class='ocrx_word' id='word_1_240' title='bbox 1156 2713 1245 2766; x_wconf 79' lang='lat' dir='ltr'>lacere</span> 
     </span>
     <span class='ocr_line' id='line_1_27' title="bbox 197 2795 1243 2871; baseline 0.002 -22"><span class='ocrx_word' id='word_1_241' title='bbox 197 2797 287 2851; x_wconf 88' lang='lat' dir='ltr'>solitus</span> <span class='ocrx_word' id='word_1_242' title='bbox 309 2798 368 2853; x_wconf 81' lang='lat' dir='ltr'>suit.</span> <span class='ocrx_word' id='word_1_243' title='bbox 411 2795 495 2850; x_wconf 88' lang='lat' dir='ltr'>Cuius</span> <span class='ocrx_word' id='word_1_244' title='bbox 517 2798 556 2850; x_wconf 92' lang='lat' dir='ltr'>rei</span> <span class='ocrx_word' id='word_1_245' title='bbox 580 2798 754 2852; x_wconf 85' lang='lat' dir='ltr'>clarissimum</span> <span class='ocrx_word' id='word_1_246' title='bbox 780 2812 967 2871; x_wconf 79' lang='lat' dir='ltr'>argumentum</span> <span class='ocrx_word' id='word_1_247' title='bbox 993 2811 1048 2866; x_wconf 90' lang='lat' dir='ltr'>est,</span> <span class='ocrx_word' id='word_1_248' title='bbox 1075 2799 1146 2871; x_wconf 91' lang='lat' dir='ltr'>quod</span> <span class='ocrx_word' id='word_1_249' title='bbox 1172 2800 1243 2871; x_wconf 91' lang='lat' dir='ltr'>apud</span> 
     </span>
     <span class='ocr_line' id='line_1_28' title="bbox 197 2882 1243 2954; baseline 0.006 -19"><span class='ocrx_word' id='word_1_250' title='bbox 197 2882 393 2954; x_wconf 72' lang='lat' dir='ltr'>Dyrrhachium</span> <span class='ocrx_word' id='word_1_251' title='bbox 413 2885 562 2938; x_wconf 85' lang='lat' dir='ltr'>orationem</span> <span class='ocrx_word' id='word_1_252' title='bbox 581 2886 613 2938; x_wconf 88' lang='lat' dir='ltr'>ad</span> <span class='ocrx_word' id='word_1_253' title='bbox 633 2886 729 2939; x_wconf 88' lang='lat' dir='ltr'>milites</span> <span class='ocrx_word' id='word_1_254' title='bbox 754 2886 847 2940; x_wconf 79' lang='lat' dir='ltr'>hahuit</span> <span class='ocrx_word' id='word_1_255' title='bbox 870 2887 903 2940; x_wconf 91' lang='lat' dir='ltr'>de</span> <span class='ocrx_word' id='word_1_256' title='bbox 926 2886 1061 2954; x_wconf 85' lang='lat' dir='ltr'>libertate,</span> <span class='ocrx_word' id='word_1_257' title='bbox 1088 2889 1121 2939; x_wconf 86' lang='lat' dir='ltr'>de</span> <span class='ocrx_word' id='word_1_258' title='bbox 1140 2888 1243 2953; x_wconf 79' lang='lat' dir='ltr'>virtute,</span> 
     </span>
    </p>
   </div>
   <div class='ocr_carea' id='block_1_3' title="bbox 100 2970 1244 3047">
    <p class='ocr_par' dir='ltr' id='par_1_4' title="bbox 100 2970 1244 3047">
     <span class='ocr_line' id='line_1_29' title="bbox 100 2970 1244 3047; baseline 0.007 -27"><span class='ocrx_word' id='word_1_259' title='bbox 100 3002 105 3009; x_wconf 89' lang='lat'><strong>·</strong></span> <span class='ocrx_word' id='word_1_260' title='bbox 179 2971 230 3036; x_wconf 84' lang='lat' dir='ltr'>¹de</span> <span class='ocrx_word' id='word_1_261' title='bbox 248 2970 348 3040; x_wconf 84' lang='lat' dir='ltr'>gloria,</span> <span class='ocrx_word' id='word_1_262' title='bbox 371 2971 407 3023; x_wconf 85' lang='lat' dir='ltr'>de</span> <span class='ocrx_word' id='word_1_263' title='bbox 430 2971 626 3025; x_wconf 86' lang='lat' dir='ltr'>contemnenda</span> <span class='ocrx_word' id='word_1_264' title='bbox 652 2985 754 3040; x_wconf 87' lang='lat' dir='ltr'>morte,</span> <span class='ocrx_word' id='word_1_265' title='bbox 782 2974 897 3046; x_wconf 83' lang='lat' dir='ltr'>quaein</span> <span class='ocrx_word' id='word_1_266' title='bbox 921 2973 1085 3047; x_wconf 82' lang='lat' dir='ltr'>philosophia</span> <span class='ocrx_word' id='word_1_267' title='bbox 1107 2975 1244 3040; x_wconf 83' lang='lat' dir='ltr'>didicerat,</span> 
     </span>
    </p>
   </div>
   <div class='ocr_carea' id='block_1_4' title="bbox 156 3059 1244 4268">
    <p class='ocr_par' dir='ltr' id='par_1_5' title="bbox 156 3059 1244 3746">
     <span class='ocr_line' id='line_1_30' title="bbox 196 3059 1243 3130; baseline 0.004 -20"><span class='ocrx_word' id='word_1_268' title='bbox 196 3077 246 3130; x_wconf 92' lang='lat' dir='ltr'>pro</span> <span class='ocrx_word' id='word_1_269' title='bbox 265 3059 392 3129; x_wconf 85' lang='lat' dir='ltr'>temporis</span> <span class='ocrx_word' id='word_1_270' title='bbox 410 3061 600 3115; x_wconf 86' lang='lat' dir='ltr'>commoditate</span> <span class='ocrx_word' id='word_1_271' title='bbox 616 3060 753 3128; x_wconf 87' lang='lat' dir='ltr'>disseruit,</span> <span class='ocrx_word' id='word_1_272' title='bbox 780 3073 806 3115; x_wconf 91' lang='lat' dir='ltr'>et</span> <span class='ocrx_word' id='word_1_273' title='bbox 830 3062 951 3115; x_wconf 86' lang='lat' dir='ltr'>oratione</span> <span class='ocrx_word' id='word_1_274' title='bbox 976 3064 1009 3116; x_wconf 91' lang='lat' dir='ltr'>ad</span> <span class='ocrx_word' id='word_1_275' title='bbox 1034 3061 1104 3121; x_wconf 81' lang='lat' dir='ltr'>deos</span> <span class='ocrx_word' id='word_1_276' title='bbox 1118 3081 1243 3116; x_wconf 78' lang='lat' dir='ltr'>conversa</span> 
     </span>
     <span class='ocr_line' id='line_1_31' title="bbox 198 3146 1243 3219; baseline 0.003 -21"><span class='ocrx_word' id='word_1_277' title='bbox 198 3146 326 3212; x_wconf 86' lang='lat' dir='ltr'>militum,</span> <span class='ocrx_word' id='word_1_278' title='bbox 350 3147 396 3217; x_wconf 90' lang='lat' dir='ltr'>qui</span> <span class='ocrx_word' id='word_1_279' title='bbox 415 3166 465 3218; x_wconf 90' lang='lat' dir='ltr'>pro</span> <span class='ocrx_word' id='word_1_280' title='bbox 483 3149 568 3218; x_wconf 86' lang='lat' dir='ltr'>patria</span> <span class='ocrx_word' id='word_1_281' title='bbox 586 3159 643 3201; x_wconf 89' lang='lat' dir='ltr'>tum</span> <span class='ocrx_word' id='word_1_282' title='bbox 664 3150 808 3219; x_wconf 86' lang='lat' dir='ltr'>pugnaturi</span> <span class='ocrx_word' id='word_1_283' title='bbox 828 3161 918 3214; x_wconf 87' lang='lat' dir='ltr'>erant,</span> <span class='ocrx_word' id='word_1_284' title='bbox 937 3150 1046 3203; x_wconf 85' lang='lat' dir='ltr'>animos</span> <span class='ocrx_word' id='word_1_285' title='bbox 1057 3150 1093 3201; x_wconf 91' lang='lat' dir='ltr'>ita</span> <span class='ocrx_word' id='word_1_286' title='bbox 1111 3149 1243 3211; x_wconf 86' lang='lat' dir='ltr'>accendit,</span> 
     </span>
     <span class='ocr_line' id='line_1_32' title="bbox 197 3233 1244 3306; baseline -0.002 -19"><span class='ocrx_word' id='word_1_287' title='bbox 197 3246 226 3287; x_wconf 86' lang='lat' dir='ltr'>nt</span> <span class='ocrx_word' id='word_1_288' title='bbox 243 3235 295 3286; x_wconf 89' lang='lat' dir='ltr'>iam</span> <span class='ocrx_word' id='word_1_289' title='bbox 313 3252 418 3287; x_wconf 89' lang='lat' dir='ltr'>summo</span> <span class='ocrx_word' id='word_1_290' title='bbox 436 3234 598 3290; x_wconf 85' lang='lat' dir='ltr'>decernendi</span> <span class='ocrx_word' id='word_1_291' title='bbox 615 3235 747 3288; x_wconf 83' lang='lat' dir='ltr'>desiderio</span> <span class='ocrx_word' id='word_1_292' title='bbox 764 3254 885 3306; x_wconf 87' lang='lat' dir='ltr'>pugnam</span> <span class='ocrx_word' id='word_1_293' title='bbox 904 3246 1052 3305; x_wconf 83' lang='lat' dir='ltr'>poscerent.</span> <span class='ocrx_word' id='word_1_294' title='bbox 1088 3235 1160 3288; x_wconf 83' lang='lat' dir='ltr'>llaec</span> <span class='ocrx_word' id='word_1_295' title='bbox 1177 3233 1244 3286; x_wconf 82' lang='lat' dir='ltr'>Plu-</span> 
     </span>
     <span class='ocr_line' id='line_1_33' title="bbox 198 3319 1243 3392; baseline -0.004 -17"><span class='ocrx_word' id='word_1_296' title='bbox 198 3322 330 3376; x_wconf 83' lang='lat' dir='ltr'>tarchus.“</span> <span class='ocrx_word' id='word_1_297' title='bbox 366 3321 412 3375; x_wconf 82' lang='lat' dir='ltr'>Est</span> <span class='ocrx_word' id='word_1_298' title='bbox 430 3321 504 3375; x_wconf 87' lang='lat' dir='ltr'>locus</span> <span class='ocrx_word' id='word_1_299' title='bbox 519 3323 547 3375; x_wconf 91' lang='lat' dir='ltr'>in</span> <span class='ocrx_word' id='word_1_300' title='bbox 567 3322 624 3375; x_wconf 91' lang='lat' dir='ltr'>Cat.</span> <span class='ocrx_word' id='word_1_301' title='bbox 642 3322 705 3375; x_wconf 89' lang='lat' dir='ltr'>min.</span> <span class='ocrx_word' id='word_1_302' title='bbox 725 3340 783 3392; x_wconf 87' lang='lat' dir='ltr'>cap.</span> <span class='ocrx_word' id='word_1_303' title='bbox 794 3326 838 3375; x_wconf 83' lang='grc'><strong>54.</strong></span> <span class='ocrx_word' id='word_1_304' title='bbox 875 3321 976 3374; x_wconf 80' lang='lat' dir='ltr'>Laudat</span> <span class='ocrx_word' id='word_1_305' title='bbox 992 3330 1126 3390; x_wconf 83' lang='lat' dir='ltr'>praeterea</span> <span class='ocrx_word' id='word_1_306' title='bbox 1142 3320 1175 3373; x_wconf 77' lang='lat' dir='ltr'>tle</span> <span class='ocrx_word' id='word_1_307' title='bbox 1189 3319 1243 3372; x_wconf 81' lang='lat' dir='ltr'>Ca-</span> 
     </span>
     <span class='ocr_line' id='line_1_34' title="bbox 197 3407 1242 3476; baseline -0.004 -12"><span class='ocrx_word' id='word_1_308' title='bbox 197 3421 258 3464; x_wconf 88' lang='lat' dir='ltr'>tone</span> <span class='ocrx_word' id='word_1_309' title='bbox 283 3408 458 3462; x_wconf 83' lang='lat' dir='ltr'>Gernhardus</span> <span class='ocrx_word' id='word_1_310' title='bbox 479 3408 537 3463; x_wconf 84' lang='lat' dir='ltr'>Cic.</span> <span class='ocrx_word' id='word_1_311' title='bbox 558 3412 593 3463; x_wconf 86' lang='lat' dir='ltr'>de</span> <span class='ocrx_word' id='word_1_312' title='bbox 611 3410 669 3464; x_wconf 81' lang='lat' dir='ltr'>Oli.</span> <span class='ocrx_word' id='word_1_313' title='bbox 686 3411 707 3476; x_wconf 93' lang='lat' dir='ltr'>l,</span> <span class='ocrx_word' id='word_1_314' title='bbox 723 3412 770 3476; x_wconf 77' lang='lat' dir='ltr'>tt,</span> <span class='ocrx_word' id='word_1_315' title='bbox 789 3412 851 3463; x_wconf 81' lang='lat'><strong>112.</strong></span> <span class='ocrx_word' id='word_1_316' title='bbox 894 3407 959 3462; x_wconf 83' lang='lat' dir='ltr'>Sall.</span> <span class='ocrx_word' id='word_1_317' title='bbox 986 3408 1045 3462; x_wconf 82' lang='lat' dir='ltr'>Cat.</span> <span class='ocrx_word' id='word_1_318' title='bbox 1069 3411 1112 3462; x_wconf 82' lang='grc'><strong>54.</strong></span> <span class='ocrx_word' id='word_1_319' title='bbox 1157 3407 1242 3461; x_wconf 85' lang='lat' dir='ltr'>Vellei</span> 
     </span>
     <span class='ocr_line' id='line_1_35' title="bbox 196 3495 1241 3569; baseline -0.002 -19"><span class='ocrx_word' id='word_1_320' title='bbox 196 3498 298 3551; x_wconf 87' lang='lat' dir='ltr'>Patere.</span> <span class='ocrx_word' id='word_1_321' title='bbox 317 3497 348 3549; x_wconf 91' lang='lat' dir='ltr'>ll.</span> <span class='ocrx_word' id='word_1_322' title='bbox 366 3498 409 3551; x_wconf 80' lang='grc'><strong>35.</strong></span> <span class='ocrx_word' id='word_1_323' title='bbox 428 3508 454 3550; x_wconf 90' lang='lat' dir='ltr'>et</span> <span class='ocrx_word' id='word_1_324' title='bbox 472 3496 527 3551; x_wconf 87' lang='lat' dir='ltr'>Cic.</span> <span class='ocrx_word' id='word_1_325' title='bbox 547 3518 599 3569; x_wconf 88' lang='lat' dir='ltr'>pro</span> <span class='ocrx_word' id='word_1_326' title='bbox 615 3498 689 3552; x_wconf 87' lang='lat' dir='ltr'>Mur.</span> <span class='ocrx_word' id='word_1_327' title='bbox 707 3501 742 3552; x_wconf 75' lang='grc'>19</span> <span class='ocrx_word' id='word_1_328' title='bbox 759 3519 798 3569; x_wconf 89' lang='lat' dir='ltr'>sq.</span> <span class='ocrx_word' id='word_1_329' title='bbox 816 3527 851 3541; x_wconf 60' lang='grc'>«-</span> <span class='ocrx_word' id='word_1_330' title='bbox 874 3497 929 3549; x_wconf 89' lang='lat' dir='ltr'>Pro</span> <span class='ocrx_word' id='word_1_331' title='bbox 948 3506 1045 3549; x_wconf 74' lang='lat' dir='ltr'>senatu</span> <span class='ocrx_word' id='word_1_332' title='bbox 1070 3496 1120 3549; x_wconf 82' lang='lat' dir='ltr'>Ox.</span> <span class='ocrx_word' id='word_1_333' title='bbox 1137 3514 1167 3552; x_wconf 79' lang='lat' dir='ltr'>u·</span> <span class='ocrx_word' id='word_1_334' title='bbox 1193 3495 1241 3548; x_wconf 86' lang='lat' dir='ltr'>ha·</span> 
     </span>
     <span class='ocr_line' id='line_1_36' title="bbox 156 3582 1241 3658; baseline 0.002 -21"><span class='ocrx_word' id='word_1_335' title='bbox 156 3634 160 3637; x_wconf 87' lang='lat'><em>.</em></span> <span class='ocrx_word' id='word_1_336' title='bbox 198 3582 241 3637; x_wconf 88' lang='lat' dir='ltr'>het</span> <span class='ocrx_word' id='word_1_337' title='bbox 257 3594 398 3644; x_wconf 74' lang='lat' dir='ltr'>senatore,-</span> <span class='ocrx_word' id='word_1_338' title='bbox 425 3584 453 3636; x_wconf 90' lang='lat' dir='ltr'>in</span> <span class='ocrx_word' id='word_1_339' title='bbox 472 3583 522 3638; x_wconf 82' lang='lat' dir='ltr'>Or.</span> <span class='ocrx_word' id='word_1_340' title='bbox 544 3604 567 3636; x_wconf 86' lang='lat' dir='ltr'>o.</span> <span class='ocrx_word' id='word_1_341' title='bbox 591 3587 713 3658; x_wconf 77' lang='lat' dir='ltr'>sequitur</span> <span class='ocrx_word' id='word_1_342' title='bbox 738 3587 900 3649; x_wconf 79' lang='lat' dir='ltr'>sententias,</span> <span class='ocrx_word' id='word_1_343' title='bbox 926 3583 998 3655; x_wconf 89' lang='lat' dir='ltr'>quod</span> <span class='ocrx_word' id='word_1_344' title='bbox 1016 3584 1078 3637; x_wconf 89' lang='lat' dir='ltr'>item</span> <span class='ocrx_word' id='word_1_345' title='bbox 1098 3583 1196 3655; x_wconf 83' lang='lat' dir='ltr'>legitur</span> <span class='ocrx_word' id='word_1_346' title='bbox 1211 3585 1241 3639; x_wconf 90' lang='lat' dir='ltr'>in</span> 
     </span>
     <span class='ocr_line' id='line_1_37' title="bbox 197 3670 1241 3746; baseline 0.004 -23"><span class='ocrx_word' id='word_1_347' title='bbox 197 3670 265 3723; x_wconf 87' lang='lat' dir='ltr'>Gud.</span> <span class='ocrx_word' id='word_1_348' title='bbox 277 3670 309 3723; x_wconf 91' lang='grc' dir='ltr'><strong>Α.</strong></span> <span class='ocrx_word' id='word_1_349' title='bbox 346 3670 413 3724; x_wconf 90' lang='lat' dir='ltr'>lhid.</span> <span class='ocrx_word' id='word_1_350' title='bbox 421 3672 529 3726; x_wconf 76' lang='lat' dir='ltr'>vocibus</span> <span class='ocrx_word' id='word_1_351' title='bbox 539 3673 608 3725; x_wconf 87' lang='lat' dir='ltr'>locos</span> <span class='ocrx_word' id='word_1_352' title='bbox 615 3693 714 3745; x_wconf 80' lang='lat' dir='ltr'>graues</span> <span class='ocrx_word' id='word_1_353' title='bbox 722 3674 899 3746; x_wconf 89' lang='lat' dir='ltr'>superscripta</span> <span class='ocrx_word' id='word_1_354' title='bbox 908 3684 946 3726; x_wconf 90' lang='lat' dir='ltr'>est</span> <span class='ocrx_word' id='word_1_355' title='bbox 954 3691 1000 3724; x_wconf 81' lang='lat' dir='ltr'>vox</span> <span class='ocrx_word' id='word_1_356' title='bbox 1009 3674 1165 3725; x_wconf 80' lang='lat' dir='ltr'>sententias.</span> <span class='ocrx_word' id='word_1_357' title='bbox 1182 3673 1241 3730; x_wconf 62' lang='grc' dir='ltr'><strong>ΜΓ.</strong></span> 
     </span>
    </p>

    <p class='ocr_par' dir='ltr' id='par_1_6' title="bbox 193 3757 1243 4161">
     <span class='ocr_line' id='line_1_38' title="bbox 266 3757 1240 3826; baseline 0.005 -17"><span class='ocrx_word' id='word_1_358' title='bbox 266 3758 452 3826; x_wconf 76' lang='lat' dir='ltr'>Avuucrtlum]</span> <span class='ocrx_word' id='word_1_359' title='bbox 471 3759 508 3812; x_wconf 88' lang='grc' dir='ltr'><strong>Μ.</strong></span> <span class='ocrx_word' id='word_1_360' title='bbox 527 3760 627 3814; x_wconf 85' lang='lat' dir='ltr'>Brutus</span> <span class='ocrx_word' id='word_1_361' title='bbox 641 3773 717 3816; x_wconf 89' lang='lat' dir='ltr'>ortus</span> <span class='ocrx_word' id='word_1_362' title='bbox 734 3773 773 3815; x_wconf 90' lang='lat' dir='ltr'>est</span> <span class='ocrx_word' id='word_1_363' title='bbox 789 3782 818 3814; x_wconf 81' lang='lat' dir='ltr'>ex</span> <span class='ocrx_word' id='word_1_364' title='bbox 837 3760 962 3824; x_wconf 81' lang='lat' dir='ltr'>Servilia,</span> <span class='ocrx_word' id='word_1_365' title='bbox 981 3757 1091 3812; x_wconf 87' lang='lat' dir='ltr'>Catonis</span> <span class='ocrx_word' id='word_1_366' title='bbox 1108 3757 1240 3814; x_wconf 88' lang='lat' dir='ltr'>Uticensis</span> 
     </span>
     <span class='ocr_line' id='line_1_39' title="bbox 196 3845 1241 3914; baseline 0.004 -19"><span class='ocrx_word' id='word_1_367' title='bbox 196 3862 295 3898; x_wconf 84' lang='lat' dir='ltr'>sorore.</span> <span class='ocrx_word' id='word_1_368' title='bbox 330 3845 429 3900; x_wconf 84' lang='lat' dir='ltr'>Face.</span> <span class='ocrx_word' id='word_1_369' title='bbox 476 3845 533 3899; x_wconf 87' lang='lat' dir='ltr'>Cic.</span> <span class='ocrx_word' id='word_1_370' title='bbox 556 3847 633 3902; x_wconf 83' lang='lat' dir='ltr'>Brut.</span> <span class='ocrx_word' id='word_1_371' title='bbox 660 3868 684 3901; x_wconf 86' lang='lat' dir='ltr'>c.</span> <span class='ocrx_word' id='word_1_372' title='bbox 701 3853 746 3914; x_wconf 81' lang='lat' dir='ltr'>at,</span> <span class='ocrx_word' id='word_1_373' title='bbox 765 3851 826 3903; x_wconf 82' lang='grc'><strong>119.</strong></span> <span class='ocrx_word' id='word_1_374' title='bbox 873 3852 949 3899; x_wconf 84' lang='lat' dir='ltr'>Tuus</span> <span class='ocrx_word' id='word_1_375' title='bbox 973 3857 1065 3898; x_wconf 77' lang='lat' dir='ltr'>autent</span> <span class='ocrx_word' id='word_1_376' title='bbox 1088 3848 1241 3899; x_wconf 81' lang='lat' dir='ltr'>avunculus</span> 
     </span>
     <span class='ocr_line' id='line_1_40' title="bbox 196 3928 1242 4004; baseline 0.001 -22"><span class='ocrx_word' id='word_1_377' title='bbox 196 3928 298 3999; x_wconf 85' lang='lat' dir='ltr'>(Cato),</span> <span class='ocrx_word' id='word_1_378' title='bbox 317 3933 539 4003; x_wconf 82' lang='lat' dir='ltr'>quemadmodum</span> <span class='ocrx_word' id='word_1_379' title='bbox 556 3934 618 3996; x_wconf 84' lang='lat' dir='ltr'>acis,</span> <span class='ocrx_word' id='word_1_380' title='bbox 634 3934 715 3986; x_wconf 76' lang='lat' dir='ltr'>dubet</span> <span class='ocrx_word' id='word_1_381' title='bbox 734 3953 752 3984; x_wconf 87' lang='grc' dir='ltr'><em>α</em></span> <span class='ocrx_word' id='word_1_382' title='bbox 766 3936 864 3986; x_wconf 78' lang='lat' dir='ltr'>Stoicis</span> <span class='ocrx_word' id='word_1_383' title='bbox 880 3935 917 3997; x_wconf 87' lang='lat' dir='ltr'>id,</span> <span class='ocrx_word' id='word_1_384' title='bbox 936 3934 1009 4004; x_wconf 87' lang='lat' dir='ltr'>quod</span> <span class='ocrx_word' id='word_1_385' title='bbox 1024 3934 1060 3985; x_wconf 83' lang='lat' dir='ltr'>oh</span> <span class='ocrx_word' id='word_1_386' title='bbox 1077 3933 1133 3993; x_wconf 78' lang='lat' dir='ltr'>illis</span> <span class='ocrx_word' id='word_1_387' title='bbox 1147 3943 1242 4002; x_wconf 80' lang='lat' dir='ltr'>peten-</span> 
     </span>
     <span class='ocr_line' id='line_1_41' title="bbox 195 4018 1243 4092; baseline 0 -24"><span class='ocrx_word' id='word_1_388' title='bbox 195 4018 259 4068; x_wconf 84' lang='lat' dir='ltr'>dum</span> <span class='ocrx_word' id='word_1_389' title='bbox 270 4020 332 4088; x_wconf 83' lang='lat' dir='ltr'>fuit</span> <span class='ocrx_word' id='word_1_390' title='bbox 342 4041 351 4078; x_wconf 81' lang='lat'>‚-</span> <span class='ocrx_word' id='word_1_391' title='bbox 370 4020 418 4071; x_wconf 79' lang='lat' dir='ltr'>ssd</span> <span class='ocrx_word' id='word_1_392' title='bbox 436 4020 520 4072; x_wconf 83' lang='lat' dir='ltr'>dicere</span> <span class='ocrx_word' id='word_1_393' title='bbox 539 4021 633 4073; x_wconf 84' lang='lat' dir='ltr'>didicit</span> <span class='ocrx_word' id='word_1_394' title='bbox 652 4039 670 4071; x_wconf 85' lang='lat' dir='ltr'>a</span> <span class='ocrx_word' id='word_1_395' title='bbox 688 4021 793 4072; x_wconf 83' lang='lat' dir='ltr'>dicendi</span> <span class='ocrx_word' id='word_1_396' title='bbox 807 4021 954 4091; x_wconf 76' lang='lat' dir='ltr'>magistris,</span> <span class='ocrx_word' id='word_1_397' title='bbox 970 4037 1111 4092; x_wconf 82' lang='lat' dir='ltr'>eorumque</span> <span class='ocrx_word' id='word_1_398' title='bbox 1128 4036 1198 4071; x_wconf 82' lang='lat' dir='ltr'>more</span> <span class='ocrx_word' id='word_1_399' title='bbox 1214 4035 1243 4066; x_wconf 84' lang='lat' dir='ltr'>se</span> 
     </span>
     <span class='ocr_line' id='line_1_42' title="bbox 193 4106 393 4161; baseline 0.02 -6"><span class='ocrx_word' id='word_1_400' title='bbox 193 4107 322 4158; x_wconf 70' lang='lat' dir='ltr'>exercuit.</span> <span class='ocrx_word' id='word_1_401' title='bbox 358 4106 393 4161; x_wconf 84' lang='lat' dir='ltr'>G.</span> 
     </span>
    </p>

    <p class='ocr_par' dir='ltr' id='par_1_7' title="bbox 265 4186 1243 4268">
     <span class='ocr_line' id='line_1_43' title="bbox 265 4186 1243 4268; baseline -0.009 -24"><span class='ocrx_word' id='word_1_402' title='bbox 265 4198 351 4246; x_wconf 83' lang='lat' dir='ltr'>Locos</span> <span class='ocrx_word' id='word_1_403' title='bbox 367 4213 466 4268; x_wconf 77' lang='lat' dir='ltr'>graues</span> <span class='ocrx_word' id='word_1_404' title='bbox 483 4214 515 4249; x_wconf 78' lang='lat' dir='ltr'>ex</span> <span class='ocrx_word' id='word_1_405' title='bbox 532 4196 703 4268; x_wconf 82' lang='lat' dir='ltr'>philosophie</span> <span class='ocrx_word' id='word_1_406' title='bbox 722 4196 853 4263; x_wconf 78' lang='lat' dir='ltr'>tractare]</span> <span class='ocrx_word' id='word_1_407' title='bbox 874 4196 932 4263; x_wconf 83' lang='lat' dir='ltr'>„lta</span> <span class='ocrx_word' id='word_1_408' title='bbox 951 4195 1043 4261; x_wconf 86' lang='lat' dir='ltr'>[locos]</span> <span class='ocrx_word' id='word_1_409' title='bbox 1062 4186 1176 4243; x_wconf 87' lang='lat' dir='ltr'>Romani</span> <span class='ocrx_word' id='word_1_410' title='bbox 1194 4203 1243 4253; x_wconf 83' lang='lat' dir='ltr'>ap·</span> 
     </span>
    </p>
   </div>
   <div class='ocr_carea' id='block_1_5' title="bbox 0 0 1534 4925">
    <p class='ocr_par' dir='ltr' id='par_1_8' title="bbox 0 0 1534 4925">
     <span class='ocr_line' id='line_1_44' title="bbox 0 0 1534 4925; baseline 0 2"><span class='ocrx_word' id='word_1_411' title='bbox 0 0 1534 4925; x_wconf 95' lang='lat' dir='ltr'> </span> 
     </span>
    </p>
   </div>
  </div>
 </body>
</html>
