3059 4925
275 450 347 520 114
595 471 766 517 rananora
796 470 989 518 srotcouuu.

273 639 331 730 est)
358 607 443 723 quae
470 660 512 705 ex
540 657 581 703 eo
598 643 733 720 pomata
758 643 945 717 naseumur,
973 640 1124 720 aequalia
1139 640 1203 702 sint
1220 658 1324 721 opor·

274 781 328 842 tet.
381 776 480 854 Quod
507 776 535 839 si
562 776 697 838 virtutes
725 792 821 855 pares
848 777 931 871 sunt
949 775 1035 848 inter
1060 792 1105 851 se,
1136 773 1227 854 paria
1252 793 1323 837 esse

274 912 372 975 etiam
409 910 488 974 vitia
511 925 647 973 neeesse
684 912 741 971 est.
809 910 906 989 Atqui
942 926 1038 990 pares
1074 926 1146 973 esse
1180 910 1322 985 virtutes,

273 1065 335 1111 neo
362 1048 451 1112 bono
477 1046 548 1118 viro
583 1044 774 1121 meliorem,
813 1062 874 1124 neo
899 1049 1101 1124 temperante
1138 1049 1325 1124 temperan-

273 1185 407 1260 tiorem,
433 1200 496 1282 neo
521 1180 597 1245 forti
623 1181 805 1257 fortiorem,
829 1197 891 1243 neo
918 1180 1065 1259 sapiente
1091 1179 1323 1258 sapientiorem

271 1337 369 1403 posse
395 1318 494 1395 fieri„
517 1318 671 1384 facillime
697 1322 805 1398 potest
834 1315 984 1396 perspici.
1037 1318 1087 1375 An
1121 1312 1226 1374 virum
1261 1313 1343 1378 bo·v

272 1471 351 1517 num
379 1452 483 1527 dices,
524 1452 578 1530 qui
601 1450 788 1530 depositum
814 1449 906 1512 nulio
933 1451 1034 1525 teste,
1072 1465 1172 1527 quum
1202 1446 1322 1509 iuerari

273 1588 406 1667 impune
433 1589 543 1665 posset
568 1585 638 1647 auri
666 1583 779 1665 pondo
806 1583 939 1658 decem,
962 1582 1157 1659 reddiderit,
1184 1584 1211 1646 si
1237 1582 1322 1646 idem

208 1700 212 1706 ,
272 1726 306 1787 in
334 1722 448 1786 decem
475 1721 618 1783 millibus
645 1719 757 1800 pondo
786 1737 853 1785 non
877 1715 985 1805 [idem]
1009 1720 1145 1784 iecerit?
1172 1725 1229 1784 aut
1241 1724 1324 1783 tem-

273 1861 453 1939 perautem,
475 1856 530 1937 qui
555 1873 590 1919 se
614 1855 648 1917 in
675 1855 787 1935 atiqua
813 1854 948 1917 libidine
976 1822 1182 1933 continuerit,
1209 1858 1241 1919 in
1261 1858 1323 1919 aii-

275 2010 340 2072 qua
364 1990 538 2056 effuderit?
591 1990 662 2053 Una
697 1990 799 2052 virtus
833 1993 898 2068 est,
930 1993 1137 2056 consentiens
1163 2011 1238 2057 oum
1269 2011 1324 2056 ra-

172 2161 176 2166 ·
273 2129 362 2192 tione
389 2129 421 2187 et
445 2127 605 2204 perpetua
635 2124 848 2220 constantim¹
871 2126 952 2189 nihii
984 2127 1062 2190 huie
1096 2128 1172 2192 addi
1206 2131 1324 2210 potest,

274 2279 342 2341 quo
364 2260 468 2340 magis
495 2260 596 2323 virtus
621 2262 677 2334 sit;
712 2261 793 2326 nihil
828 2262 931 2339 demi,
968 2269 1001 2325 ut
1036 2263 1166 2328 virtutis
1180 2327 1186 2335 ,
1202 2282 1325 2328 nomen

273 2397 485 2477 relinquatur.
536 2394 666 2459 Etenim
692 2395 820 2460 sibene
847 2398 933 2461 faeta
957 2402 1044 2462 reete
1071 2399 1158 2465 taeta
1182 2406 1266 2476 sunt.
1292 2405 1324 2462 et
1361 2434 1364 2438 -
1455 2384 1460 2393 ’

273 2534 354 2601 nihii
381 2536 471 2596 reoto
500 2533 637 2596 rectius:
663 2535 815 2601 certene
839 2533 930 2599 hono
954 2534 1087 2613 quidem
1100 2537 1217 2599 metius
1231 2536 1324 2617 quio,-

274 2684 373 2748 quam
398 2667 536 2729 inveniri
562 2671 679 2746 potest.
732 2665 886 2748 Sequitur
909 2670 1026 2748 igitur,
1061 2676 1096 2734 ut
1124 2673 1222 2735 etiam
1246 2671 1325 2734 vitia

242 2839 245 2845 ι
274 2803 337 2867 sint
361 2802 481 2882 pariae
507 2801 670 2882 siqnidem
696 2804 872 2883 pravitates
910 2803 1012 2871 animi
1052 2810 1140 2868 reete
1166 2805 1244 2868 vitia
1271 2801 1322 2866 di-

274 2902 400 3003 duntur.
468 2939 567 3019 Atqui
603 2939 759 3018 quoniam
793 2957 889 3019 pares
926 2939 1060 3005 virtutes
1096 2947 1191 3019 sunt,
1237 2946 1324 3006 reete

275 3072 378 3148 taeta,
406 3074 564 3154 quoniam
590 3091 610 3138 a
636 3074 809 3139 virtutihus
835 3075 1104 3157 proficiscuntur,
1130 3077 1224 3158 paria
1251 3094 1325 3142 eme

274 3206 412 3275 uenena
439 3209 582 3290 itemque
609 3214 761 3290 peooata,
795 3212 952 3292 quoniam
982 3229 1025 3276 ex
1060 3213 1146 3277 vitiis
1180 3218 1323 3290 manant,
1355 3197 1357 3199 ¹

150 3335 153 3342 ’
236 3342 340 3407 sisini
371 3344 524 3425 aequalia
557 3362 692 3408 neeesse
728 3349 786 3411 est.
848 3341 888 3413 A
914 3340 1167 3435 philosophis,
1209 3349 1323 3428 inquit,

275 3474 347 3543 ista
373 3474 498 3541 sumis.
551 3444 750 3555 diomedem,
777 3498 819 3544 ne
838 3498 858 3545 a
878 3481 1051 3549 lenonibus
1068 3481 1203 3547 diceres.
1252 3477 1324 3544 So-

275 3619 398 3676 crates
424 3606 640 3700 disputobut
665 3614 735 3702 isto
763 3613 880 3681 modo.
933 3617 1022 3682 Bene
1042 3619 1176 3683 heroule
1191 3612 1323 3681 narras!

275 3761 352 3808 nam
378 3745 476 3809 istum
502 3747 635 3812 doctum
662 3757 694 3815 et
720 3751 901 3830 sapientem
926 3752 1034 3817 virum
1066 3754 1167 3819 tuisse
1193 3767 1323 3815 memo-

275 3878 346 3943 riae
372 3881 528 3946 traditum
555 3860 613 3948 est.
673 3886 737 3951 Sed
763 3892 873 3953 tamen
901 3891 1026 3969 quaero
1048 3908 1091 3952 ex
1126 3893 1156 3951 te
1180 3881 1324 3972 (qnando

272 4018 381 4085 verbis
406 4018 491 4083 inter
517 4038 578 4087 nos
606 4025 851 4100 oontendimus‚
888 4041 958 4087 non
983 4019 1110 4111 pugnis)
1144 4025 1254 4086 utrum
1281 4020 1323 4085 de

270 4153 366 4219 bonis
392 4160 442 4219 est
468 4160 694 4236 quaerendum
722 4160 801 4242 quid
826 4158 928 4223 baiuli
956 4165 1054 4240 atqua
1081 4158 1241 4239 operarii,
1280 4158 1323 4219 an
