3059 4925
308 434 383 510 364
548 513 550 518 ⁴
712 458 875 508 uxoratos
900 461 948 508 11.

310 637 373 690 cyra
395 616 415 684 i,
437 621 463 683 2,
483 620 518 671 to
545 618 578 670 ad
604 622 647 674 16.
672 619 716 671 cui
741 616 818 690 plura
846 628 947 672 exstant
972 617 1082 683 similia,
1115 630 1141 672 et
1165 621 1309 691 praecipue
1328 621 1358 673 ΙΙ.

313 706 381 759 Phil.
401 709 465 760 tt.“
501 705 588 758 Locus
607 724 631 759 c.
650 709 694 762 33.
714 717 764 760 est:
790 717 848 759 torn
865 708 987 776 infirmo,
1005 717 1062 758 tom
1077 718 1204 758 enervato
1222 727 1266 760 reo
1285 706 1314 776 [i.
1336 728 1357 761 e.
1406 699 1409 709 ’

309 813 371 847 cunr
391 813 450 847 rcus
469 805 522 847 tani
542 793 666 846 infirmus
681 794 731 845 rit
749 795 836 860 reus]:
862 795 911 865 'qui
936 803 970 844 te
991 794 1033 845 ita
1056 794 1228 863 gesseris,
1256 804 1292 851 ut¹
1316 795 1357 844 ti·

306 885 427 947 mer'er,
445 901 478 933 ne
497 910 529 920 —
550 881 739 939 videreris,
756 882 811 934 nisi
829 908 864 921 -
881 881 1109 942 exstitissem
1129 879 1196 934 aiter
1210 883 1292 934 cat:
1310 883 1358 935 An

307 980 344 1020 tu
364 996 399 1007 -
415 978 527 1037 putas
545 996 580 1007 -
599 995 634 1008 -
653 997 688 1008 -
707 969 755 1040 qni
772 987 807 1020 se
824 969 881 1037 ipsc
898 955 1124 1020 condemnet?

376 1054 469 1107 Unum
486 1055 572 1120 addo,
590 1055 696 1127 dequo
715 1055 820 1110 locutus
837 1074 896 1108 sum
917 1055 951 1108 ad
969 1055 1065 1109 Tusco.
1082 1054 1114 1120 ss,
1134 1059 1177 1122 12,
1196 1059 1240 1110 2⁹.
1261 1060 1357 1128 pam.

307 1142 353 1196 Eo
370 1143 423 1194 ibi:
441 1142 564 1210 Quidmc
582 1143 730 1212 decipis,
748 1142 841 1196 Zeno?
853 1170 887 1183 -·
906 1162 988 1215 quum
1003 1143 1105 1194 maium
1121 1160 1231 1214 negas
1249 1162 1358 1195 easc-.

309 1230 387 1280 Nihil
405 1238 462 1293 est,
478 1231 489 1279 ι’
495 1232 580 1301 nqoi
586 1240 614 1296 t,
635 1231 750 1295 maium,
770 1231 823 1281 nisi
841 1230 915 1302 quod
930 1241 1010 1301 turpe
1023 1259 1059 1270 --
1076 1240 1127 1283 cat.
1172 1230 1221 1282 Aa
1238 1229 1355 1298 ineptias

306 1318 411 1372 redis.
455 1317 540 1371 Erant
556 1337 589 1370 eo
607 1317 669 1370 loco
694 1316 742 1388 qui
759 1317 839 1371 scribi
858 1317 955 1371 velient
971 1317 1070 1388 inquis.
1113 1315 1166 1368 Sed
1192 1317 1286 1367 monui
1311 1315 1356 1381 ibi,

272 1395 284 1410 ’
307 1405 380 1477 quod
397 1403 526 1458 similibus
545 1405 611 1460 iocis
635 1405 688 1457 iarn
707 1425 787 1474 saepe
805 1406 907 1458 facturn
926 1415 964 1458 est
981 1405 1014 1457 ab
1033 1404 1105 1467 aliis,
1130 1403 1288 1475 ubicunque
1307 1422 1357 1474 pro

267 1507 268 1518 ¹
306 1493 398 1565 inquit
416 1503 548 1563 exspectes
565 1493 671 1564 inquis,
702 1491 862 1547 Ciceronem
888 1493 1042 1564 loquentem
1067 1511 1122 1544 non
1144 1491 1245 1563 alloqui
1264 1490 1358 1543 adrer-

306 1579 405 1632 sarium
423 1579 524 1649 ipsunt,
542 1580 594 1632 scd
606 1579 685 1647 (dixi)
703 1581 736 1634 ad
755 1600 841 1633 unum
860 1580 899 1633 rei
919 1581 951 1633 ad
971 1579 1062 1651 piures
1085 1580 1220 1633 auditores
1244 1597 1358 1632 conver·

306 1667 367 1731 sui,
395 1665 460 1737 quid
480 1667 640 1736 respondeat
664 1667 709 1720 itte
726 1668 767 1720 rel
794 1668 956 1738 respondere
981 1668 1073 1739 possit,
1102 1665 1242 1737 significat.
1289 1664 1359 1718 Add.

307 1753 365 1807 Cic.
389 1753 422 1806 dc
446 1752 480 1805 N.
498 1754 532 1807 D.
551 1753 635 1820 Lib,
654 1758 715 1808 1⁰⁰.
737 1774 763 1824 p.
783 1759 819 1810 tt
836 1774 875 1826 sq.
900 1755 941 1808 ed.
966 1767 1048 1808 nostr.
1070 1755 1134 1807 min.
1160 1753 1225 1825 ibiq:
1250 1764 1358 1817 annot.;

306 1840 392 1894 Beier.
411 1841 444 1894 ad
463 1839 521 1894 Cic.
532 1839 621 1895 Oratb
639 1842 662 1893 F
663 1835 776 1912 ragnim.
797 1862 822 1913 p.
837 1845 889 1895 112
908 1862 948 1912 sq.
983 1841 1080 1894 Nostro
1098 1852 1186 1894 autem
1205 1840 1360 1893 Paradoxo-

230 1925 233 1929 ’
305 1945 367 1979 rum
387 1927 448 1981 ioco
467 1927 543 1981 recte'
557 1930 663 1982 monuit
680 1929 821 1982 Ernestus:
849 1928 896 1982 Est
913 1928 957 1982 hic
977 1925 1156 1987 α’ναιὸλουθος
1173 1929 1274 1981 oratio:
1294 1948 1356 1981 narn

306 2015 441 2086 pertinent
459 2014 524 2069 baec
541 2016 574 2069 ad
593 2015 718 2069 Crassum
745 2027 771 2069 et
793 2015 827 2067 ad
851 2016 971 2069 initium:
999 2017 1047 2087 qui
1068 2015 1141 2068 videt
1170 2016 1239 2068 dorni
1263 2027 1356 2068 tuae.

306 2101 399 2174 ltaque
418 2102 531 2156 debebat
548 2122 616 2155 esse:
636 2104 697 2175 quis
715 2113 748 2153 te
765 2121 818 2154 non
834 2112 914 2172 putet
932 2099 1068 2171 confiteri,
1086 2104 1117 2155 ri
1123 2102 1155 2154 bi
1170 2106 1240 2157 etc.“
1277 2102 1358 2154 Vides

306 2188 386 2241 etiam
404 2208 434 2241 ex
454 2190 523 2242 varia
542 2190 656 2244 lectione
670 2188 778 2243 Codicis
795 2189 846 2243 Ox.
863 2191 897 2256 1„
916 2193 965 2243 lior
982 2200 1010 2242 te
1033 2210 1083 2261 pro
1102 2192 1188 2248 hunc,
1205 2190 1285 2244 fuisse
1302 2191 1355 2243 iarn

307 2287 421 2329 veterem
439 2277 556 2348 aliquem
574 2288 770 2344 correctorem,
790 2296 870 2348 quern
890 2277 1039 2331 offenderet
1057 2277 1123 2330 iilud
1141 2278 1226 2343 hunc,
1253 2279 1355 2348 quique

307 2383 441 2431 errorem,
462 2383 542 2435 quent
560 2363 661 2418 librarii
679 2385 734 2418 esse
753 2365 889 2430 crederet,
908 2366 1099 2437 corrigendum
1118 2384 1173 2417 esse
1192 2364 1357 2417 existimaret.

307 2451 433 2506 Ceterum
452 2450 517 2505 nihit
535 2452 588 2507 buc
605 2453 683 2521 facit,
706 2453 779 2526 quod
798 2464 837 2507 ert
855 2453 883 2506 in
897 2451 946 2507 Ox.
959 2452 993 2506 N.
1011 2452 1083 2505 hunc
1100 2470 1178 2504 vere
1196 2471 1248 2504 non
1267 2471 1355 2523 neque

308 2539 379 2612 quod
398 2540 481 2594 estin
499 2540 578 2593 Drsd.
595 2545 627 2594 4:
646 2543 707 2612 quis
725 2561 779 2593 non
796 2549 875 2610 putet
892 2541 964 2592 huno
982 2540 1132 2600 conscium
1152 2539 1179 2591 in
1198 2537 1286 2600 Ono.
1305 2538 1355 2590 rub

307 2626 437 2699 procidi,
456 2628 484 2680 in
502 2627 552 2680 Ox.
571 2627 606 2680 U.
629 2627 657 2680 in
684 2648 739 2697 quo
763 2637 877 2697 propter
903 2625 1104 2679 similitudinem
1122 2626 1264 2679 verborum
1285 2624 1356 2678 erci-

307 2716 405 2768 derunt
421 2715 500 2767 verbu
517 2713 594 2765 esse?
611 2715 656 2766 cui
673 2724 765 2764 autem
784 2713 908 2785 quaesito
924 2730 1006 2781 opus,
1034 2713 1063 2765 in
1086 2712 1166 2765 Drsd.
1183 2716 1209 2766 3.
1235 2711 1354 2782 quinon

309 2803 389 2856 babet
410 2802 503 2855 verba:
532 2801 577 2854 rui
604 2811 696 2853 cutem
721 2801 846 2873 quaesito
870 2818 938 2869 opus
963 2801 1015 2862 air,
1044 2799 1138 2852 eodem
1164 2808 1263 2852 errore.
1310 2798 1356 2850 Est

308 2892 387 2946 etiarn
405 2909 459 2942 non
472 2901 553 2959 puter
569 2891 642 2942 leuno
659 2891 687 2944 in
707 2888 775 2943 cort.
795 2888 869 2943 Gud.
888 2888 918 2941 B.
937 2887 1091 2960 ibidemque
1110 2888 1257 2951 conscium,
1281 2888 1355 2941 utin

308 2977 386 3031 Drsd.
403 2980 439 3030 4:
465 2977 496 3031 ln
516 2976 620 3030 Atdtnis
639 2997 747 3049 quoque
767 2976 853 3030 Codd.
873 2988 912 3030 est
928 2975 1028 3047 aliquid
1048 2974 1283 3046 varietatishunde
1300 2975 1356 3027 for·

307 3077 374 3118 tasse
392 3063 441 3117 Tb.
459 3063 595 3117 Bentleius
613 3083 689 3117 suam
710 3065 785 3136 petiit
803 3065 1000 3119 coniecturam:
1019 3062 1074 3117 duo
1092 3062 1164 3115 enirn
1183 3063 1254 3114 hunc
1273 3062 1354 3114 omit-

308 3162 368 3205 tunt
383 3152 426 3220 (in
444 3170 560 3222 quorum
579 3171 635 3204 uno
652 3152 772 3205 additum
792 3152 855 3221 est):
877 3153 932 3206 duo
950 3152 1024 3218 itern,
1042 3152 1175 3203 incertum
1189 3160 1277 3201 autem
1292 3168 1357 3202 nurn

307 3238 403 3306 iidem,
421 3238 549 3293 omittunt
561 3239 622 3293 siti.
665 3239 723 3310 Ego
750 3241 779 3293 in
803 3240 843 3293 bis
869 3259 978 3311 quoque
1005 3238 1069 3291 nihit
1095 3238 1145 3290 nisi
1164 3256 1274 3289 ananum
1295 3256 1357 3290 cor-

308 3325 419 3379 rectoris
436 3344 562 3396 agnosco.
598 3326 659 3379 Non
678 3327 780 3380 abitio
800 3328 927 3381 diversam
947 3346 962 3379 a
982 3337 1070 3379 nostra
1089 3324 1245 3378 sententiam
1265 3323 1357 3377 Gern·

307 3413 418 3478 bardus,
443 3412 509 3467 baec
527 3414 658 3468 scribens:
684 3414 746 3481 „Ab
772 3416 852 3468 unius
870 3415 1032 3486 cogitatione
1050 3425 1075 3466 et
1093 3413 1237 3467 sceleribus
1254 3413 1358 3465 deflerit

308 3500 393 3555 oratio
411 3500 445 3552 ad
463 3510 549 3554 totum
568 3500 782 3555 facinorosorum
800 3503 940 3556 bominum
958 3521 1059 3573 genus,
1086 3500 1113 3553 id
1133 3500 1205 3571 quod
1223 3499 1358 3571 quodant-

308 3587 389 3640 modo
407 3586 575 3641 indicabatur
593 3589 678 3643 verbis
695 3590 805 3643 Sullani
820 3590 960 3660 temporis,
985 3588 1142 3660 quibus'vix
1167 3607 1235 3658 opus
1259 3587 1358 3651 suisset,

310 3676 329 3726 si
349 3692 418 3727 unus
435 3673 545 3730 Crassus
562 3680 728 3732 notaretur.“

729 3882 937 3898 *uu—„—
