3059 4925
502 485 698 533 ransnoxan
721 485 764 531 vt.
792 486 899 532 car.1.
1151 459 1222 533 281

182 648 256 702 locus
273 648 401 719 (ingenue
420 645 519 715 lateor)
536 665 578 699 me
598 646 644 699 diu
661 646 744 700 torsit.
790 646 858 699 Nam
886 664 948 699 cum
973 646 1017 698 alii
1041 644 1155 699 Codices
1180 644 1228 698 ba-

182 738 262 790 beant
279 753 346 806 opus
363 746 417 800 est,
444 745 471 788 et
488 732 540 788 hoc
558 753 656 805 genere
675 734 803 807 loquendi
823 736 919 788 Cicero
940 752 1019 805 saepe
1044 734 1076 787 sit
1097 753 1160 786 usus
1177 733 1229 788 boc

182 821 333 888 Paradoxo,
360 820 399 876 sic
425 840 532 893 quoque
552 821 694 893 legendum
722 822 868 876 ridebatur.
920 824 990 874 Cum
1010 842 1073 875 vero
1102 822 1136 875 ad
1164 820 1230 877 baec
1254 813 1257 820 ⁴

183 911 278 977 rerba,
296 921 326 963 ut
344 920 404 962 ante
423 909 488 973 disi,
508 910 622 980 pressius
640 910 824 976 attenderem,
844 930 894 964 nec
912 907 1073 981 ex'emplaria
1092 909 1180 977 deesse
1200 913 1228 962 in

184 997 282 1069 quihus
305 997 376 1048 satis
403 1007 445 1048 est
467 996 615 1068 legeretur,
641 1010 698 1052 erat
723 1000 751 1052 iu
776 998 826 1053 hac
851 999 929 1052 etiam
957 997 1070 1051 lectione
1096 999 1231 1069 specimen

183 1084 290 1156 aliquod
310 1084 431 1137 veritatis.
466 1083 588 1138 Tandem
608 1086 671 1140 huic
688 1088 773 1158 magis
785 1085 958 1142 adhaesimus.
995 1085 1168 1158 Quamquam
1181 1102 1232 1139 no·

184 1172 230 1225 lim
249 1191 304 1225 esse
321 1171 496 1243 praefractior
504 1174 522 1203 “
540 1201 575 1213 —
594 1186 620 1227 et
638 1193 707 1247 quae
726 1194 780 1246 seq.
799 1204 834 1215 -
871 1173 908 1227 Er
926 1172 1012 1227 Codd.
1034 1172 1130 1226 nostris
1145 1183 1171 1226 et
1182 1171 1232 1225 Or.

184 1259 273 1313 nullus
291 1258 369 1313 habet
386 1259 450 1313 illud
473 1260 543 1312 satis
562 1270 619 1318 est,
647 1261 693 1314 sed
712 1262 828 1316 enotavit
846 1261 897 1316 Or.
916 1280 946 1314 ex
965 1261 1033 1314 Edd.
1050 1260 1124 1315 Crat.
1139 1260 1233 1331 Magn.
1334 1307 1342 1318 .

184 1346 258 1399 Man.
283 1346 366 1412 llub.;
397 1366 447 1400 nos
471 1347 619 1420 reperimus
639 1349 667 1402 in
693 1348 761 1404 Edd.
781 1353 842 1405 Car.
860 1348 953 1421 Stepb.
974 1348 1036 1402 ntd.
1056 1351 1233 1402 15111511.

183 1434 216 1486 ll.
235 1433 321 1488 Wolf.
341 1433 412 1486 Aud.
429 1434 488 1487 Tal.
512 1434 603 1506 syth..
620 1437 752 1510 ,itemque
778 1439 806 1491 in
834 1457 919 1509 marg.
935 1437 1003 1490 Edd.
1022 1435 1100 1489 Boul.
1120 1447 1147 1489 et
1173 1434 1235 1488 Ald.

184 1523 261 1575 1548.
303 1521 334 1573 ln
352 1519 420 1574 Cod.
438 1521 516 1575 Drsd.
535 1527 561 1578 5.
588 1523 659 1577 deest
686 1528 768 1589 enim,
795 1527 823 1578 in
843 1525 894 1578 01.
912 1544 941 1588 ψ,
965 1536 1004 1579 est
1022 1524 1166 1595 unicuique
1183 1542 1233 1594 pro

184 1610 287 1678 auique.
324 1606 383 1661 Cro.
401 1611 425 1661 1.
444 1607 581 1663 habetest
599 1629 674 1680 opus.
711 1612 792 1665 Drsd.
811 1616 838 1667 3.
857 1623 883 1665 01
901 1611 973 1665 Gud.
992 1611 1023 1664 B.
1041 1612 1168 1665 omittunt
1184 1620 1233 1663 est.

185 1694 253 1749 Cod.
272 1694 343 1748 Gud.
362 1694 394 1749 B.
412 1694 541 1765 habetat
561 1698 708 1751 distante.
745 1697 805 1754 Mr.

258 1802 416 1854 divitiarum
454 1802 568 1869 modas]
616 1800 647 1854 ln
681 1801 749 1858 hanc
775 1802 934 1857 sententiam
953 1801 1101 1873 Ldisputans
1133 1799 1235 1852 Seneca

186 1890 268 1961 Epist.
287 1892 314 1943 4.
333 1900 395 1943 extr.
414 1888 532 1960 scripsit:
563 1894 683 1963 Magnae
702 1891 814 1944 divitiae
838 1902 904 1944 sunt
921 1891 979 1963 lege
997 1887 1236 1955 naturaekompo-

185 1979 242 2029 sita
256 1987 416 2047 paupertas.
455 1982 511 2028 Lex
529 1988 620 2029 autem
639 1979 689 2030 illa
707 1990 825 2031 naturae
849 1980 902 2032 scis
921 1998 987 2051 quoe
1011 1977 1086 2030 nobis
1110 1977 1236 2028 terminos

188 2064 313 2117 statuit?
349 2067 410 2117 Non
428 2067 544 2131 esurire,
573 2086 624 2118 non
642 2067 733 2132 sitire,
762 2087 817 2120 non
841 2069 941 2139 algere.
964 2094 996 2105 -
1041 2063 1169 2118 Parabile
1187 2072 1236 2124 est,

188 2154 260 2225 quod
276 2163 379 2205 natura
398 2154 533 2206 desiderat
557 2163 585 2205 et
603 2156 770 2224 appositum:
796 2157 835 2207 ad
860 2172 1029 2225 supervacua
1054 2153 1181 2207 sudatur.
1201 2179 1237 2190 -

186 2241 236 2292 Ad
253 2259 361 2292 manum
378 2251 434 2307 est„
454 2240 527 2312 quod
543 2240 612 2294 satis
630 2250 681 2295 est.
719 2244 778 2295 ΜΓ.

260 2363 314 2431 Qui
331 2364 417 2435 igitur
434 2382 486 2416 non
498 2363 580 2431 filias
596 2364 714 2433 plures,]
751 2362 820 2419 Cod.
840 2366 937 2421 Duisb.
955 2368 1029 2437 Quid
1045 2365 1154 2439 igitur?
1175 2367 1236 2418 Non

185 2451 278 2522 plures
290 2450 379 2520 filias.
415 2451 465 2505 01.
485 2451 516 2506 E.
538 2451 675 2522 cupidines
694 2471 743 2523 pro
765 2454 948 2524 cupiditates5
968 2454 1039 2519 Gud.
1058 2453 1091 2507 Α.
1110 2452 1236 2506 tabuerit

188 2558 239 2609 pro
257 2539 347 2592 habet.
383 2540 508 2596 Drsd.·b.
534 2542 620 2612 igitur
645 2559 697 2593 non
715 2561 782 2594 non
802 2543 884 2611 filias
911 2543 986 2613 (sic).
1022 2541 1080 2595 Cra.
1098 2544 1122 2596 3.
1143 2541 1236 2611 plures

187 2647 240 2680 non
251 2627 341 2696 filias.
377 2627 521 2699 Estsetiam
540 2628 712 2690 traductitia
731 2630 812 2683 Drsd.
831 2635 856 2684 1.
877 2634 902 2684 3.
921 2650 1037 2703 quorum
1056 2630 1131 2702 prior
1150 2631 1237 2700 pergit

189 2733 339 2786 quaeque.
383 2715 446 2768 Duo
465 2715 527 2769 Atdi
545 2715 620 2768 Man.
638 2715 796 2772 exhibebant
821 2736 909 2791 quae
935 2719 1039 2791 quidem
1065 2718 1137 2770 brevi
1156 2728 1235 2786 temp.

189 2802 272 2874 idque
290 2803 391 2874 recepit
407 2790 458 2857 Tb.
477 2803 581 2871 Bentl,
607 2824 657 2858 nec
676 2825 737 2859 vero
757 2807 817 2877 qui
843 2807 963 2877 quidem,
989 2807 1062 2877 quod
1086 2806 1114 2859 in
1133 2803 1237 2858 Aldinis

188 2900 324 2960 repertum
343 2902 481 2962 receptum
506 2910 560 2944 esse
583 2891 704 2947 aBentl.
728 2892 812 2956 relect
830 2891 932 2945 Gernb.
952 2893 980 2945 in
998 2893 1069 2947 Add.
1097 2893 1238 2964 Reperitur

187 2978 254 3031 illud
274 2979 378 3050 quidem
399 2979 479 3031 etiam
497 2980 525 3031 in
544 2978 594 3032 Ox.
616 2979 662 3046 E„
691 2981 800 3052 eiusque
827 2980 965 3052 vestigium
997 3000 1052 3033 esse
1081 2979 1185 3032 ridetur
1209 2979 1237 3031 in

187 3066 332 3138 scriptione
350 3065 542 3127 Cod.Drsd.l.
564 3086 715 3140 quaeque:
735 3088 786 3123 nec
804 3067 933 3140 displicet,
953 3069 1015 3140 quia
1031 3068 1167 3123 tolleretur
1186 3066 1238 3120 hoc

191 3155 460 3227 quantulumcunque
478 3166 517 3209 est
534 3155 706 3222 assensionis,
727 3158 800 3229 quod
817 3158 885 3210 inest
902 3157 929 3209 iu
947 3156 1048 3216 relativi
1066 3156 1238 3209 Pronominis

189 3244 289 3297 insuavi
307 3244 479 3314 repetitione:
499 3263 662 3317 quamquam
682 3256 736 3298 tam
754 3245 804 3298 leri
823 3243 973 3298 auctoritati
992 3263 1048 3297 non
1068 3243 1171 3296 ridetur
1190 3262 1240 3314 pa-

187 3332 316 3398 rendum,
344 3351 396 3386 nec
413 3332 509 3386 desunt
530 3331 622 3385 similis
645 3343 792 3388 structurae
810 3331 943 3403 exempla.
993 3328 1048 3383 Pro
1073 3349 1143 3402 quoe
1170 3328 1239 3389 de.

189 3419 265 3489 Suer,
284 3420 460 3493 exhibetqui,
487 3420 560 3494 quod
580 3422 734 3476 conveniret
759 3441 821 3476 cum
851 3420 996 3491 scriptione
1028 3418 1096 3472 eod.
1113 3417 1194 3473 Drsd.
1211 3422 1239 3473 4.

189 3509 333 3560 exhaurire
348 3510 448 3578 possi
454 3519 485 3560 t:
505 3527 573 3580 quae
593 3509 614 3561 si
633 3510 770 3580 placerent
788 3509 921 3582 cuipiam,
940 3507 1099 3562 haberemus
1117 3505 1239 3578 anapho-

189 3614 247 3646 ram
266 3598 327 3669 (qui
346 3625 378 3637 -
397 3597 494 3662 habet,
515 3626 548 3636 -
568 3599 614 3669 qui
634 3627 667 3637 -
682 3601 800 3669 possit),
833 3617 902 3671 quae
926 3617 955 3649 re
985 3615 1045 3650 vera
1071 3606 1107 3648 est
1125 3594 1153 3647 in
1173 3594 1239 3648 cod.

188 3683 304 3752 Duisbs,
323 3704 374 3739 nec
393 3705 454 3738 vero
473 3685 619 3739 admodum
638 3685 897 3752 commendandam,
922 3703 984 3738 cum
1003 3683 1098 3738 melius
1116 3683 1240 3754 dicantur

188 3773 346 3843 cupiditates
365 3773 501 3827 exhaurire
519 3774 638 3841 divitias,
660 3793 742 3847 quam
761 3774 911 3827 divitiarum
930 3791 1070 3844 possessor.
1106 3769 1165 3822 lltlr.

261 3915 330 3969 quae
355 3896 428 3949 brevi
446 3906 566 3965 ¹tempore
592 3896 723 3949 maximas
748 3896 838 3966 copias
864 3893 1008 3946 exhaurire
1030 3892 1134 3962 possint
1142 3893 1161 3957 ,]
1197 3891 1239 3943 De

189 3985 332 4056 scriptione
351 4002 421 4057 quae
439 3985 591 4056 quidem,
610 3996 636 4039 et
653 3986 701 4057 qui
718 4014 751 4027 -
767 3984 869 4054 possit,
895 3982 975 4034 modo
994 3981 1113 4034 diximus.
1150 3978 1239 4031 Acce-

189 4073 255 4127 dant
272 4073 399 4144 reliquae.
436 4074 491 4125 Pro
509 4073 640 4124 maxims
658 4083 696 4125 est
714 4089 827 4144 magnos
846 4071 873 4123 in
889 4069 977 4122 Codd.
990 4066 1136 4121 Bermssas.
1150 4062 1240 4116 Guell.

189 4159 243 4212 Or.
261 4159 292 4211 N.
311 4159 391 4213 Drsd.
409 4163 433 4212 1.
453 4162 510 4213 en.
527 4166 551 4214 2.
570 4172 596 4215 et
614 4160 674 4215 Ero.
694 4161 761 4232 Eyb.
796 4160 867 4213 Tum
887 4157 946 4211 Cn.
965 4161 990 4210 1.
1021 4175 1071 4226 pro
1096 4154 1186 4222 copias
1209 4151 1239 4202 in

189 4248 318 4301 contextis
335 4245 413 4301 habet
431 4248 543 4319 glossam
559 4250 677 4316 divitias,
697 4252 739 4305 cui
757 4269 816 4303 vera
839 4247 916 4301 lectio
936 4244 1033 4313 copias,
1052 4239 1126 4311 quasi
1145 4236 1238 4309 8¹⁰³&
