3059 4925
525 491 718 538 rauauoxon
748 492 796 537 ιιι.
829 492 898 538 oar.
917 494 938 538 1.
1187 471 1258 543 119

210 646 267 700 'sat
286 646 387 701 Sturm.
412 648 522 724 Lambb.
550 648 612 700 Car·
639 648 744 718 Steph.;
771 669 812 700 res
831 662 886 714 est,
913 662 995 721 utque
1023 652 1049 703 in
1078 652 1126 704 Ed.
1153 655 1257 719 llerw.;

210 744 251 783 est
271 752 321 799 res,
339 745 370 784 ot
388 734 416 785 in
435 734 501 788 Edd.
522 736 590 788 Vict.
610 736 678 787 llol).
697 735 787 805 steph.
808 739 900 801 Cam.;
919 738 1034 809 denique
1056 739 1134 809 plane
1160 754 1188 796 ut
1207 764 1257 797 nos

210 818 307 871 habent
325 819 393 873 Edvd.
415 821 506 877 lumb.
527 811 622 875 Colou'.
643 821 673 874 ΙΙ.
693 823 780 874 Wolf.
800 824 880 895 Borg.
899 825 948 877 Or.
968 837 993 877 et
1012 827 1135 895 (excepto
1154 830 1258 901 inquis)

209 907 336 978 reliquae.
373 909 503 963 Dedimus
521 922 608 963 autem
627 912 716 981 inquit
735 931 764 963 er
785 926 928 983 praecepto
944 914 975 966 R.
985 913 1099 967 Bentleii
1109 919 1257 973 certissimo

210 996 242 1047 ad
262 996 326 1048 Hor.
346 996 432 1051 Serm.
450 996 470 1063 Ι,
489 1002 514 1063 4,
534 1001 576 1051 79.
615 997 665 1049 Cui
684 998 769 1064 adde,
796 1019 864 1070 quae
883 1020 932 1054 nos
951 985 1088 1071 posuimus
1107 1002 1141 1054 ad
1160 1003 1258 1059 Tusce.

211 1085 230 1146 l,
251 1087 293 1137 39.
311 1104 336 1154 p.
353 1088 405 1138 318
424 1106 463 1155 sq.
484 1096 508 1138 et
526 1085 558 1151 ll,
578 1088 620 1137 12.
641 1104 666 1154 p.
685 1087 745 1137 492.
766 1085 814 1140 Ed.
834 1098 916 1140 nostr.
953 1088 1010 1139 Mr.

281 1175 374 1222 Porro
392 1184 433 1224 est
453 1184 484 1223 nr
503 1191 602 1243 magno
621 1173 711 1241 culpo]
755 1174 827 1227 Haec
852 1171 929 1228 rerba
950 1175 1024 1247 quasi
1055 1176 1257 1248 inscriptionem

212 1259 289 1312 habet
307 1258 355 1310 Ed.
374 1260 434 1311 Par.
452 1280 471 1312 s.
491 1280 514 1313 a.
560 1260 618 1312 Hoc
645 1272 733 1313 autem
755 1261 866 1315 voluisse
885 1264 1014 1317 editorem
1034 1263 1200 1335 incognitum
1221 1266 1259 1316 ri-

212 1347 304 1399 demus
322 1347 398 1411 inde,
424 1348 496 1419 quod
522 1348 610 1417 ipsum
629 1348 787 1402 Paradoxon
806 1351 899 1422 incipit
918 1352 951 1404 als
970 1355 1023 1413 Ec,
1048 1351 1132 1422 spatio
1158 1356 1258 1405 maiore

209 1433 317 1501 relicto,
337 1434 408 1505 quod
428 1434 586 1506 explendum
606 1446 671 1487 esset
692 1435 767 1489 litera
788 1439 819 1488 N
840 1437 987 1508 elegantius
1012 1437 1155 1508 pingenda.
1192 1440 1258 1493 Vult

210 1533 297 1574 arttem
317 1522 455 1594 inscriptio
474 1522 512 1575 sic
530 1522 612 1592 posita
629 1521 692 1573 nihil
712 1522 783 1575 aliud
801 1543 894 1595 quarn:
912 1526 992 1596 culpa
1013 1541 1091 1596 parra
1112 1524 1190 1597 culpa
1211 1538 1257 1589 est,

211 1621 240 1662 ιιι
259 1627 363 1680 magna.
401 1608 457 1660 llllr.
1006 1631 1011 1637 >
1069 1625 1070 1632 ¹

280 1700 384 1761 Parvo,
402 1698 506 1768 inquit,
527 1716 568 1748 res
586 1698 639 1763 est]
658 1695 843 1766 „Principium
870 1710 908 1751 est
925 1700 1057 1765 subitum,
1077 1701 1150 1771 quod
1180 1702 1257 1772 vulgo

155 1833 160 1838 ,
210 1784 302 1837 dicunt
321 1785 478 1855 abruptum:
512 1784 665 1836 continetur
693 1779 764 1834 enim
793 1786 867 1855 quasi
892 1786 1029 1857 responsio
1059 1787 1197 1839 Ciceronis
1225 1789 1257 1840 ad

211 1874 389 1925 obiectionem
408 1872 565 1939 adversarii,
594 1872 640 1943 qui
665 1870 818 1943 fingebatur
851 1873 957 1937 dixisse,
984 1891 1092 1943 parram
1122 1887 1179 1926 rem
1204 1893 1258 1928 esse

211 1959 350 2013 denarium
377 1959 455 2013 alicui
481 1959 601 2026 auferre,
628 1948 700 2013 certe
730 1959 814 2014 multo
840 1961 988 2028 minorem,
1019 1979 1099 2032 quam
1130 1959 1258 2014 talentum

211 2049 286 2103 alteri
303 2047 449 2100 adimere.“
466 2047 506 2099 W
513 2058 569 2118 yn.

282 2146 312 2186 αι
331 2153 429 2205 magna
449 2136 540 2203 culpa]
578 2125 656 2212 „ileo
675 2146 700 2187 et
720 2147 806 2187 cetera
825 2136 960 2207 usquead
984 2135 1088 2190 initium
1108 2138 1200 2207 capitis
1219 2157 1260 2189 se-

212 2225 316 2297 quentis
334 2224 465 2276 habentur
484 2242 516 2276 ae
534 2222 661 2275 dicuntur
680 2241 708 2273 es
729 2241 842 2292 persona
860 2222 942 2292 ipsius
957 2222 1107 2277 'Ciceronis
1144 2224 1173 2276 Si
1195 2224 1260 2276 haec

211 2314 290 2367 dictio
317 2310 462 2382 periphrasi
490 2311 623 2362 reddenda
653 2311 699 2375 sit,
735 2311 769 2362 ita
789 2310 858 2361 baud
877 2311 967 2380 inepte
986 2311 1127 2364 reddatur:
1156 2311 1198 2362 Tu
1218 2311 1258 2361 di-

212 2401 249 2454 cis
273 2400 396 2471 exiguum
429 2418 482 2451 esse
516 2398 653 2469 negotium
675 2418 695 2452 ι.
723 2417 747 2451 c.
768 2398 907 2451 denarium
932 2398 1023 2450 iurari.
1077 2397 1112 2449 At
1140 2415 1190 2469 ego
1217 2416 1260 2449 re-

212 2459 340 2561 spondio,
360 2505 484 2558 magnam
497 2504 551 2539 esse
570 2486 620 2537 rim
641 2489 757 2557 peccati:
780 2506 867 2557 neque
886 2485 957 2537 enim
973 2495 1080 2555 peccata
1094 2485 1161 2537 exitu
1174 2486 1260 2538 lacto-

213 2595 285 2641 rum,
304 2575 349 2627 sed
367 2575 493 2645 pravitate
509 2575 660 2625 animorum
682 2574 855 2644 ponderanda
870 2574 953 2626 esse.“
970 2572 1074 2643 Wyn.
1111 2571 1153 2624 De
1172 2573 1260 2640 culpa,

212 2664 320 2735 eiusque
350 2662 519 2733 synonymis,
549 2678 695 2732 earumque
722 2678 817 2714 vocum
845 2680 892 2713 usu
922 2661 971 2713 rid.
1005 2659 1176 2712 Doederlein.
1203 2658 1258 2712 Lat.

213 2752 314 2822 Synon.
334 2772 360 2803 u.
380 2749 494 2821 Etymol,
515 2747 546 2801 ll,
565 2771 591 2819 p.
612 2750 672 2803 152,
708 2748 767 2801 Mr.
815 2752 818 2759 '

284 2842 338 2890 Nec
366 2839 433 2889 enirn
453 2839 514 2905 etc.]
552 2836 620 2916 Cpm
648 2857 756 2906 peccas,
786 2856 841 2889 non
868 2836 894 2886 id
922 2834 1084 2889 considerari
1108 2833 1258 2898 debet„in

214 2948 267 2998 quo
287 2945 389 2997 peccas,
409 2935 454 2978 aut
470 2924 542 2995 quod
562 2944 590 2976 cx
611 2934 721 2994 peccato
732 2924 866 2994 sequitur:
888 2924 932 2975 sed
953 2923 1040 2993 ipsunt
1060 2940 1179 2991 peccare,
1199 2921 1259 2973 vitio

213 3036 292 3087 seque
312 3034 398 3085 agere.
435 3013 503 3065 llinc
522 3023 610 3066 autem
631 3013 765 3083 sequitur,
798 3021 905 3080 peccata
932 3029 986 3062 esse
1012 3007 1133 3080 aequalia
1154 3026 1259 3077 genere,

214 3118 240 3166 ut
260 3115 321 3156 suut
338 3101 418 3154 homo
438 3113 464 3153 et
484 3100 588 3164 bellua,
609 3119 662 3152 non
683 3100 770 3169 specie
789 3110 886 3152 tamen.
923 3096 945 3148 F
953 3116 1021 3149 acc.

284 3195 339 3243 Nec
355 3190 424 3240 enim
440 3188 563 3259 peccatu]
582 3188 636 3239 Pro
655 3207 701 3237 neu
720 3198 758 3239 est
776 3205 860 3257 neque
878 3186 905 3236 in
925 3185 976 3237 Οι.
993 3184 1024 3237 Ε.
1071 3184 1172 3235 Vocem
1192 3182 1261 3230 eninr

213 3279 309 3332 omittit
327 3276 375 3328 Ed.
394 3296 436 3346 ap.
459 3273 543 3327 Meus.
569 3273 647 3325 ttdtb.
675 3294 695 3325 s.
724 3273 827 3326 leta.
858 3274 925 3324 Ven.
943 3274 1023 3324 1492.
1048 3273 1126 3323 1⁵14.
1170 3267 1260 3337 Pergit

212 3367 279 3420 Cot.
299 3363 356 3416 Cra.
376 3366 530 3432 l.'peecotu
549 3378 614 3414 non
631 3373 756 3414 eventu
777 3379 902 3415 return,
928 3356 992 3410 Οιιι.
1012 3356 1042 3408 Ε.
1064 3357 1083 3408 Ι.
1111 3374 1148 3405 ex
1174 3374 1260 3405 rerum

213 3466 322 3518 eventu,
340 3451 384 3504 sed
403 3469 442 3501 ex
463 3450 544 3503 vitiis.
582 3449 652 3501 Gud,
673 3448 704 3518 A.
724 3457 820 3501 eventu
840 3465 935 3510 rerum,
954 3443 1049 3497 Duisls.
1062 3461 1149 3494 rerum
1166 3460 1261 3493 even—

214 3538 505 3600 tis,Suerin.rerum
525 3536 724 3588 eventibus.
761 3534 864 3587 Laudat
880 3533 960 3605 Borg.
980 3530 1036 3586 Cic.
1057 3528 1090 3584 de
1110 3533 1166 3583 lav.
1187 3528 1260 3595 tm:
1313 3520 1314 3523 Ἴ

216 3648 268 3680 non
285 3627 353 3679 enim
370 3645 402 3677 ex
422 3634 546 3677 eventu
567 3624 756 3694 cogitationem
775 3623 892 3691 spectari
910 3630 1029 3690 oportet,
1054 3620 1173 3691 serique
1192 3622 1263 3690 cogi-

216 3718 317 3768 tatione
348 3724 375 3766 et
402 3733 447 3784 spe
473 3713 511 3763 oti
527 3711 688 3779 rnalefirium
706 3711 846 3782 projectus
865 3711 916 3773 sit,
944 3708 1122 3765 considerari,
1147 3717 1173 3756 et
1199 3727 1261 3777 quo

215 3805 324 3857 animo
343 3802 410 3873 quid
428 3791 540 3872 pilisque
553 3798 663 3868 furias,
688 3818 739 3850 nou
758 3818 811 3869 quo
829 3816 893 3848 casu
913 3807 1022 3858 utatur,
1052 3796 1089 3844 uri
1107 3814 1159 3846 rein
1175 3797 1261 3864 perti-

214 3901 272 3942 net:
292 3888 353 3943 coll.
371 3887 421 3940 Or.
441 3906 490 3958 pro
509 3886 586 3938 llosc.
605 3887 682 3939 Com.
701 3889 744 3939 16.
781 3886 859 3938 Auct.
881 3885 914 3937 ad
932 3883 1049 3937 Herenn.
1069 3880 1101 3948 ll,
1123 3887 1164 3936 lli.
1201 3881 1260 3932 Mr.

284 3996 372 4028 rerum
388 3985 485 4026 eventu
500 4003 532 4011 -
546 3973 676 4024 irretiendo
696 3976 780 4039 sunu]
816 3972 880 4038 „Est
894 3972 945 4023 hoc
965 3981 1135 4041 pracceptum
1155 3970 1261 4037 pervul-

212 4077 302 4136 gatum
327 4074 353 4116 et
371 4081 475 4115 rerum:
502 4071 611 4131 peccatu
637 4078 785 4131 eorumque
811 4058 1015 4130 imputationem
1042 4076 1098 4108 non
1126 4054 1258 4105 metienda

212 4171 266 4204 esse
285 4151 399 4213 ellectu,
416 4148 460 4202 sed
480 4149 635 4201 intentione.
680 4147 738 4201 lluc
763 4148 878 4218 pertinet
905 4145 969 4199 illud
989 4144 1077 4198 Ovidii
1102 4137 1208 4193 Heroid.
1229 4139 1260 4205 ll,

213 4242 246 4292 85
266 4257 321 4308 sq.:
874 4240 880 4245 ’
