3059 4925
617 484 823 536 rnoosrrnu.
1197 463 1244 538 21

195 636 294 711 inquit,
314 638 384 695 aas
402 638 436 709 ‹t›
454 639 538 698 itum.
554 642 589 697 se
605 641 747 698 renisum
782 642 1007 715 Wyttenbuebtus
1020 605 1110 700 autea
1127 645 1156 700 a
1168 646 1248 703 ens

196 728 227 781 iis
245 727 326 783 baec:
344 727 436 796 „Quia
454 728 500 782 ille
517 729 604 784 maior
621 730 705 798 liber,
724 749 806 804 quern
825 731 859 785 ad
877 742 903 786 te
919 730 1030 804 scripsi,
1049 732 1196 787 maioribus
1208 733 1248 788 vi·

197 812 314 887 giliis,·,l.
333 834 358 872 e.
377 815 544 888 longioribus
560 819 696 886 noctibus,
714 819 851 873 mensibus
865 818 1000 886 bibernis,
1024 818 1069 875 bic
1086 840 1151 894 ergo
1170 821 1248 887 liber,

197 923 278 976 quem
298 903 345 960 tibi
363 903 461 958 donavi
480 915 608 977 tanquam
626 925 739 973 munus,
758 908 776 960 i.
795 926 819 962 e.
837 926 918 979 quem
937 907 987 961 tibi
1004 907 1106 975 dicavi,
1124 911 1249 981 apparuit

113 1037 115 1044 ,
197 992 226 1045 in
243 1002 291 1045 tuo
310 991 437 1058 nomine,
455 993 473 1045 i.
490 1012 513 1046 e.
530 1004 577 1047 tuo
595 994 706 1049 nomine
725 994 929 1066 insignituaest.
964 994 1012 1049 Est
1029 995 1102 1049 enim
1119 996 1163 1051 bic
1180 997 1249 1051 liber

198 1083 304 1133 Brutus
323 1099 344 1132 s.
360 1077 394 1131 de
411 1076 498 1134 Claris
514 1078 706 1135 Oratoribust‘
742 1082 822 1151 Quae
838 1082 904 1136 item
923 1091 962 1135 est
980 1083 1110 1137 sentemia
1123 1082 1248 1150 Scbiitaii,

199 1165 245 1235 qui
263 1165 291 1218 in
309 1164 514 1236 Prolegomenis
530 1168 565 1221 ad
582 1169 733 1236 Parodana,
751 1170 830 1237 „lloc
845 1168 911 1224 nibil
929 1168 1019 1235 aliud,
1049 1169 1168 1242 scripsit,
1192 1190 1248 1227 esse

199 1263 299 1324 potest,
324 1272 407 1323 quam
424 1252 494 1308 liber
510 1254 544 1307 de
561 1253 649 1309 Claris
667 1255 844 1323 Oratoribus,
869 1256 916 1328 qui
939 1256 1094 1312 inscribitur
1116 1262 1249 1315 Brutus.“

198 1340 280 1409 Quod
299 1340 364 1394 mibi
382 1360 492 1413 quoque
510 1342 615 1397 videtur
632 1343 816 1398 certissimum.
833 1372 869 1384 -
905 1341 1033 1398 Ceterum
1050 1344 1084 1397 de
1102 1343 1207 1414 Vigiliis
1222 1355 1249 1398 et

197 1427 440 1483 Lucubrationibus
457 1439 538 1483 exsut
554 1430 696 1501 singularis
714 1429 819 1485 libellus
840 1429 992 1503 Cbristnpb.
1017 1430 1140 1496 Cellarii,
1166 1451 1248 1503 quem

198 1514 331 1587 inscripsi!
347 1514 620 1584 lucubratiunculam,
638 1518 724 1571 editus
740 1518 824 1571 llahe
841 1522 913 1575 1699
930 1531 958 1574 et
975 1523 1054 1574 1106.
1071 1523 1097 1573 4.
1116 1531 1142 1574 et
1155 1519 1249 1590 dispu-

199 1605 263 1659 tatio
280 1603 381 1657 Mureti
399 1605 478 1658 Varr.
502 1605 585 1659 Lectt.
607 1605 703 1672 XVlll,
726 1610 772 1662 tt.
818 1606 860 1661 Ad
884 1627 908 1661 r.
928 1627 1026 1660 munus
1050 1607 1141 1661 laudat
1166 1607 1248 1679 Borg.

198 1691 394 1764 praelationem
409 1690 524 1764 Aquilae
533 1692 657 1750 ,Romani
682 1692 849 1763 grammatici
875 1694 910 1747 ad
936 1694 1057 1748 libellum
1083 1695 1117 1748 de
1141 1696 1249 1767 Figuris

200 1779 397 1834 Sententiarum
414 1779 462 1850 (ad
480 1778 581 1836 calcem
599 1779 692 1838 Rutilii
709 1779 793 1852 Lupi)
810 1800 826 1834 a
843 1779 1005 1835 Rubrienio
1022 1781 1133 1846 editum,
1149 1781 1197 1836 ubi
1210 1792 1249 1835 eat

200 1889 225 1940 p.
239 1871 305 1925 1³⁹:
323 1867 434 1940 ideoque
450 1878 545 1938 posteo
562 1868 613 1922 boc
629 1868 737 1938 plenum
754 1867 805 1920 tibi
821 1887 919 1922 munus
931 1870 1078 1922 reddemus.
1112 1868 1250 1931 Memora·

200 1957 252 2011 bile
269 1956 349 2011 etiam
365 1955 433 2009 illud
450 1965 501 2022 est,
520 1956 594 2027 quod
612 1956 641 2009 in
662 1954 730 2011 Cod.
748 1955 822 2010 Gud.
837 1954 871 2010 A.
889 1956 975 2010 verbis
992 1958 1122 2009 maiorum
1140 1954 1249 2028 vigilia-

200 2065 259 2098 rum
277 2042 489 2117 superscriptum
507 2053 559 2097 est:
577 2054 653 2098 notat
670 2042 716 2097 tit,
728 2044 760 2096 de
777 2045 847 2114 rapi„
867 2044 933 2097 etin
949 2041 1000 2097 Ox.
1019 2045 1038 2097 l.
1055 2041 1248 2113 scriptumest:

202 2133 327 2202 proraiam
345 2150 429 2201 opus
454 2131 527 2184 illud
543 2132 674 2184 maiorum
695 2130 854 2203 uigiliarum
881 2132 1165 2186 Tusculanarum
1188 2148 1249 2182 mu-

202 2237 260 2286 nus,
276 2218 306 2272 in
324 2217 392 2272 cod.
410 2217 518 2272 Suerin.
535 2219 660 2289 quoniam
683 2218 757 2273 illud
773 2228 851 2290 eget
869 2220 1000 2273 maiorum
1016 2220 1172 2291 uigiliarum
1189 2236 1250 2270 mu-

201 2326 253 2359 nus
273 2306 565 2360 Tusculanarum.
601 2304 675 2374 Quid
693 2305 961 2377 sibirelitilludcget
979 2325 1036 2360 non
1049 2304 1128 2361 facile
1144 2304 1248 2372 dixeris,

201 2395 251 2449 nisi
267 2395 337 2449 lorte
349 2393 445 2468 aliquis
462 2394 594 2467 glossator
610 2393 640 2446 in
658 2391 783 2465 margine
799 2389 939 2466 adscripsit
956 2395 1091 2466 egregium
1109 2412 1155 2459 sc,
1173 2409 1250 2447 com·

203 2483 300 2556 pendia
318 2484 465 2555 scriptum,
487 2482 562 2555 quod
589 2500 731 2554 perperam
756 2481 856 2537 lectum
872 2482 903 2535 in
927 2491 1077 2536 contextam
1101 2480 1250 2534 orationem

202 2571 302 2643 recepit
320 2571 457 2625 librarius·
468 2571 582 2641 ineptus.
624 2572 656 2625 ln
681 2569 748 2624 eod.
766 2568 847 2623 Drsd.
865 2573 892 2624 5.
912 2571 986 2624 abest
1001 2586 1115 2633 munus,
1142 2577 1168 2620 et
1191 2575 1251 2636 post

203 2661 305 2715 nomine
321 2658 441 2731 sequitur
459 2658 594 2731 quidem
612 2658 751 2727 apparuit.
787 2656 847 2712 ΜΡ.

272 2746 441 2818 Degustabis
458 2756 486 2798 et
503 2747 564 2814 boc]
583 2744 626 2799 At.
646 2756 673 2797 et
692 2744 850 2817 degustabis
868 2746 926 2799 boc.
961 2744 984 2797 F
991 2762 1058 2800 acc.

273 2845 301 2887 et
319 2833 477 2906 degustabis
493 2852 579 2905 genus
596 2835 669 2902 hoo,]
697 2834 788 2888 Verba
805 2844 832 2886 ct
852 2832 1008 2904 degustabis
1025 2849 1110 2902 usque
1135 2829 1170 2883 ad
1188 2847 1251 2882 corr·

202 2924 278 2977 susci
293 2921 390 2976 desunt
413 2922 441 2975 in
458 2920 526 2976 cod.
544 2921 624 2976 Drsd.
644 2925 678 2987 45
702 2920 770 2979 cod.
784 2920 835 2976 Or.
860 2920 891 2973 E.
919 2920 999 2974 Rern.
1023 2918 1133 2989 Erlang.
1157 2915 1251 2969 Duisb.

202 3009 261 3065 Cra.
273 3015 299 3064 2.
317 3009 389 3064 Gud.
406 3009 440 3063 Β.
455 3009 508 3062 Ed.
523 3008 612 3065 Suffr.
626 3009 708 3078 Petri,
728 3011 799 3065 Vict.
816 3009 909 3063 bamb.
929 3008 1055 3062 orsiturnt
1071 3007 1121 3059 boc
1130 3024 1193 3058 curn
1202 3003 1252 3058 Ed.

202 3100 289 3172 princ.
306 3099 381 3170 Mog.
390 3102 469 3154 1465.
487 3117 565 3152 voces
580 3109 608 3150 et
625 3110 653 3152 et
671 3099 720 3151 leno
737 3098 865 3153 omittunt
882 3096 951 3149 Edd.
969 3096 1038 3148 Ven.
1048 3097 1127 3148 1461.
1146 3102 1252 3145 ncnrae

203 3188 271 3240 Ven.
280 3190 359 3241 14⁹2.
378 3189 458 3243 1511.
474 3185 560 3257 bugd.
571 3190 651 3242 1515.
666 3187 792 3242 Darentr.
810 3189 890 3240 1515.
909 3185 970 3237 Par.
984 3186 1062 3237 1501.
1099 3179 1169 3232 Cum
1181 3180 1252 3233 Fac·

203 3274 264 3330 eiol.
282 3285 342 3346 post
359 3274 490 3343 apparuit
507 3272 588 3345 plene
605 3273 772 3345 distinguunt
789 3281 959 3344 perguntque
977 3266 1144 3339 Degustabis
1160 3275 1188 3314 et
1203 3266 1253 3316 boc

201 3381 286 3434 genus
303 3361 372 3417 Edd.
393 3360 426 3414 ll.
444 3360 530 3415 Wott
548 3360 610 3415 Ald.
628 3366 707 3417 1548.
725 3361 810 3415 Paris.
827 3360 907 3415 154³.
952 3354 1006 3409 Sed
1025 3354 1078 3407 hoc
1105 3362 1143 3406 est
1158 3362 1253 3407 contra

203 3458 313 3503 morem
326 3446 472 3503 Ciceronis.
514 3448 570 3503 Nos
582 3450 699 3521 optimos
716 3449 855 3522 sequimur
872 3446 955 3500 libros
971 3454 998 3497 et
1014 3440 1128 3512 scriptor
1151 3450 1178 3493 et
1195 3438 1275 3494 edi:

204 3544 251 3589 tos.
288 3535 349 3589 Mr.

274 3635 313 3684 Et
339 3630 496 3704 degustabis
527 3649 613 3703 gem
641 3633 701 3700 boc]
730 3630 780 3685 Or·
801 3630 835 3685 ad
864 3627 1007 3683 lectionem
1044 3625 1191 3689 librarum,
1223 3625 1253 3678 in

205 3721 300 3792 quibus
330 3719 403 3774 deest
434 3721 483 3772 boc
509 3719 549 3773 rel
576 3729 604 3772 st
628 3723 693 3787 boc,
716 3720 825 3792 signum
852 3716 967 3782 addidit,
1001 3732 1056 3785 quo
1080 3711 1253 3784 significatur,

102 3840 110 3875 ¹.
205 3808 331 3863 lectiones
365 3807 413 3861 bas
444 3818 501 3862 etse
529 3808 732 3874 memorabiles,
763 3817 888 3879 receptae
918 3806 1028 3857 fortasse
1060 3800 1256 3873 praeferendas.

207 3892 271 3949 illibi
291 3895 401 3968 quidem
418 3895 542 3950 ridentur
563 3915 620 3949 non
647 3896 730 3949 modo
756 3914 814 3949 non
833 3893 962 3950 tantidem
983 3889 1177 3955 aestimandae,
1208 3887 1254 3942 sed

207 4001 240 4036 ne
258 3982 412 4054 probabiles
429 3982 539 4055 quidem
557 4002 621 4037 esse.
656 3983 699 4036 Ad
716 4003 739 4038 v.
759 3981 916 4056 degustabis
933 3981 1014 4052 Borg.
1032 3979 1139 4033 confert
1156 3978 1189 4031 cle
1207 3975 1256 4028 Or.
1300 3996 1311 4018 ο

207 4068 237 4136 ΙΙ,
256 4073 306 4125 36:
324 4071 418 4143 itaque
430 4070 491 4141 feci
509 4099 546 4111 -
561 4082 590 4122 et
606 4071 719 4123 istarum
737 4071 854 4123 omnium
872 4067 1026 4121 summatim
1043 4082 1141 4119 causas
1165 4073 1192 4114 et
1208 4078 1256 4132 gs·

207 4173 271 4209 nera
288 4158 350 4227 ipsa
366 4158 524 4229 gustavi.
560 4157 619 4212 ΜΓ.

280 4245 515 4298 Exercitationum
533 4248 649 4313 onrum,]
668 4246 707 4300 lta
725 4244 813 4301 Codd.
832 4242 917 4300 Ost.
936 4240 1051 4296 Drsd.2.
1068 4234 1174 4289 Suerin.
1190 4230 1257 4283 Edd.
