3059 4925
516 482 714 531 nanrnoxon
733 484 756 530 1.
799 483 869 531 cnr.
888 484 911 531 1.
1191 454 1241 529 27

188 648 268 699 1514.
296 652 328 694 ut
348 659 381 693 ea
409 641 501 694 sudem
531 640 661 713 officina,
689 642 719 694 in
736 642 789 693 bac
816 641 907 694 ecdem
928 640 1028 712 figura
1051 637 1137 692 exisse
1154 655 1243 709 oppa·

189 741 258 787 reat.
295 728 356 783 Mt.

635 841 801 855 *-

516 991 859 1071 unuanoxolt
892 998 923 1071 1.

237 1161 330 1262 “Ort
355 1164 463 1265 μόνον
488 1161 651 1260 ἀγαθόν
678 1159 722 1243 τό
746 1160 884 1247 καλόν.

244 1299 372 1396 [Quod
395 1304 587 1374 honestum
614 1303 685 1393 sit,
709 1302 751 1370 id
775 1304 893 1373 solum
919 1304 1055 1375 bonum
1081 1310 1190 1397 esee]

268 1481 410 1559 Vereor,
447 1499 490 1545 nc
525 1481 579 1545 cui
614 1476 760 1546 vestrum
786 1497 829 1545 ex
855 1479 1042 1546 Stoicorum
1068 1482 1241 1546 bominum
1256 1496 1277 1540 r.

192 1615 483 1698 disputationibus,
517 1633 586 1680 non
621 1633 664 1681 ex
697 1633 906 1681 meosousu
934 1616 1129 1699 deprompta
1161 1618 1245 1681 baec

193 1749 343 1816 videatur
377 1752 504 1817 oratioz
543 1750 650 1816 dicam
684 1755 813 1829 tamen,
852 1752 943 1833 quod
967 1752 1092 1826 sentio;
1134 1755 1167 1815 et
1193 1750 1243 1814 di-

193 1904 266 1952 cam
302 1888 450 1966 brevius,
489 1905 588 1969 quam
614 1904 667 1952 res
694 1891 787 1953 tanta
812 1887 875 1951 dici
901 1871 1016 1970 poscit
1067 1884 1244 1968 Nunquam

192 2023 380 2087 mehercule
416 2037 478 2103 ego
515 2037 624 2105 nequo
649 2025 806 2106 pecunias
828 2025 984 2102 istorum,
1019 2037 1126 2104 neque
1160 2026 1245 2087 tecta

193 2157 384 2239 magnilica,
421 2175 531 2239 neque
563 2176 663 2241 opes,
701 2177 809 2242 neque
841 2160 998 2242 imperia,
1037 2177 1145 2241 neque
1177 2174 1244 2238 eas,

193 2294 312 2374 quibus
333 2294 478 2360 maxime
505 2294 649 2358 adstricti
675 2300 771 2374 sunt,
798 2297 997 2377 voluptates,
1021 2296 1056 2359 in
1074 2295 1171 2359 bonis
1189 2311 1245 2357 re·

192 2392 253 2494 bus
279 2432 336 2495 aut
363 2428 555 2513 expetendis
581 2447 655 2496 esse
681 2430 781 2496 duxi:
815 2433 935 2515 quippe
962 2449 1064 2513 quum
1086 2430 1244 2510 viderem,

191 2567 291 2630 rebus
316 2567 367 2632 bis
392 2552 656 2633 ¹circumfluentes
681 2585 723 2633 ea
746 2574 858 2633 tamen
878 2568 1067 2633 desiderare
1086 2566 1243 2641 maxime,

194 2704 312 2784 quibus
341 2705 557 2791 abundarent
623 2705 739 2788 Neque
777 2707 864 2771 enim
902 2706 1053 2787 expletur
1086 2721 1244 2785 unquam,

193 2856 255 2903 nec
279 2840 416 2905 satiatur
440 2840 624 2923 cupiditatis
648 2841 734 2905 sitis:
769 2860 877 2923 nequo
902 2842 1011 2906 solum
1037 2858 1078 2906 ea
1104 2840 1160 2921 qui
1183 2839 1245 2904 ha·

192 2974 273 3038 bent
315 2975 450 3039 libidine
493 2974 635 3056 augendi
674 2977 880 3055 cruciantur,
923 2976 982 3040 sed
1016 2976 1115 3039 etiarn
1148 2972 1247 3038 amit·

193 3110 283 3174 tendi
305 3115 404 3175 metu.
464 3110 502 3175 ln
533 3128 599 3193 quo
621 3110 776 3193 equidem
799 3111 1157 3179 continentissimorum
1181 3110 1246 3174 ho·

193 3247 338 3325 minum,
363 3249 528 3312 maiorum
563 3251 773 3326 nostrorum,
805 3265 905 3329 saepe
930 3247 1065 3327 requiro
1100 3241 1247 3325 pruden-

194 3382 290 3460 tiam,
340 3385 396 3463 qui
427 3384 511 3448 baec
549 3383 715 3448 imbecilla
749 3386 783 3447 et
815 3380 1061 3447 commutabilia
1086 3377 1246 3461 pecuniae

188 3508 395 3607 v[membra]‚
427 3521 532 3585 verbo
558 3537 642 3584 nom
669 3524 868 3602 putaverunt
893 3514 1107 3601 appellanda,
1145 3532 1247 3595 quum

176 3675 232 3721 re
253 3674 295 3720 ac
320 3656 415 3722 lactis
440 3657 539 3737 longe
564 3658 661 3722 aliler
691 3656 933 3722 iudicavissent
997 3655 1151 3719 Potestne
1182 3651 1247 3717 bo·

196 3809 274 3855 num
301 3791 456 3873 cuiquam
476 3794 567 3858 malo
593 3795 691 3859 esset
717 3802 775 3860 aut
800 3795 908 3876 potest
931 3791 1105 3873 quisquam
1127 3789 1161 3852 in
1185 3788 1246 3852 ab·

195 3927 353 3993 undantia
378 3928 544 3994 bonorum
564 3929 634 4011 ipse
668 3946 740 3994 esse
766 3947 835 3994 non
860 3929 993 3993 bouus‘l
1053 3925 1151 4006 Atqui
1184 3923 1246 3987 ista

197 4063 309 4127 omnia
346 4063 426 4128 talia
457 4064 624 4144 videmus,
659 4068 696 4127 ut
720 4065 819 4129 etiam
851 4062 995 4145 improbi
1027 4061 1187 4133 babeant,
1213 4057 1246 4116 et

195 4200 304 4264 obsint
328 4200 453 4281 probis.
514 4199 622 4279 Quam
660 4203 704 4266 ob
740 4218 811 4271 rem
842 4196 1094 4272 molitricem,
1126 4189 1154 4251 si
1188 4188 1245 4267 qui
