3059 4925
280 453 355 528 286
610 476 783 525 rensuum
811 475 1004 524 eroiconuu.

277 641 333 693 Pro
350 649 465 709 exoptas
482 638 579 711 legitur
597 648 676 709 aptas
694 639 722 692 in
742 637 829 691 Codd.
849 637 920 690 Gud.
940 637 972 690 Α.
991 636 1023 690 B.
1042 635 1120 689 Sues.
1138 636 1218 690 Drsd.
1230 641 1255 691 1.
1268 644 1293 693 1.
1304 641 1330 693 3.

277 733 304 783 4.
324 732 349 783 6.
367 730 426 781 Cre.
445 732 488 794 ²·t
506 727 534 780 in
553 726 617 781 Osx.
637 726 667 778 E.
685 744 711 794 η.
731 745 754 781 o.
774 743 804 788 ψ.
824 735 913 794 optes‚
941 724 994 776 Ox.
1014 725 1033 776 Ι.
1058 735 1174 794 exoptes.
1212 725 1329 797 Elegan-

278 817 331 870 tius
348 814 455 870 seiiiost.
490 813 548 869 Me.

349 907 450 974 Itaque
464 903 548 954 istam
563 911 754 972 paupertatem
763 927 799 940 -
810 910 957 972 egestatem
966 928 1000 939 -
1013 898 1221 968 mendicitatem]
1241 899 1327 953 Codd.

279 991 329 1046 Os.
346 991 366 1044 Ι.
386 991 465 1044 Dnsd.
484 994 509 1044 6.
527 991 609 1043 istam
622 997 815 1059 paupertatem
832 998 936 1043 tuam.
962 989 1020 1039 Cre.
1035 989 1061 1039 1.
1077 986 1119 1037 nef
1137 997 1328 1059 egestatem

276 1079 410 1149 potius.
445 1076 524 1131 Drsd.
543 1080 568 1129 1.
587 1078 615 1130 6.
633 1086 698 1127 aut
718 1074 922 1129 mendicitatem.
959 1073 1040 1126 Drsd.
1059 1076 1086 1127 6.
1107 1091 1141 1125 ae
1158 1073 1330 1125 indicite·

279 1177 363 1226 tem,·
382 1165 494 1219 Drsd.4.
513 1182 546 1215 ae
555 1162 640 1216 mend
645 1163 780 1215 unitatem
790 1179 928 1233 nunquam
947 1160 1092 1214 abseora
1109 1161 1209 1214 tulisti.
1242 1159 1329 1233 Egre-

279 1255 331 1325 gie.
365 1252 438 1307 Gud.
456 1253 487 1306 Β.
513 1251 551 1304 ob
569 1268 709 1322 nunquam
738 1249 839 1305 tulisti.
859 1248 918 1301 Mn.
965 1248 1039 1315 „Vel
1064 1249 1158 1318 potius
1180 1257 1329 1319 egestatem

280 1340 411 1394 eorrectio
430 1335 632 1410 [ἐπανόρθωσις]
657 1346 703 1390 est.
745 1340 902 1405 Paupertas
926 1354 1123 1407 nonnunquam
1149 1337 1256 1390 honesta
1280 1345 1328 1389 est.

278 1439 386 1501 egestas
402 1446 465 1481 reno
483 1445 589 1498 semper
607 1424 701 1497 turpis.
736 1423 817 1495 Apud
835 1423 979 1496 Virgilium
998 1424 1067 1478 fibro
1085 1427 1111 1479 6.
1138 1423 1247 1477 Aeneid.
1266 1433 1328 1475 tur·

278 1518 322 1586 pie
339 1519 457 1588 Egestas
474 1513 502 1568 iu
520 1513 649 1568 vestibulo
674 1512 823 1565 inferorum
850 1512 977 1568 hatten*
1008 1512 1029 1564 F
1037 1531 1082 1567 rc.
1106 1512 1196 1583 sylv.
1241 1512 1329 1565 Locus

280 1614 319 1657 eet
338 1603 405 1655 Aen.
424 1602 469 1668 Vl,
488 1604 555 1657 atti:
571 1613 600 1653 et
617 1604 726 1665 Metus,
743 1610 772 1650 et
789 1600 949 1652 malesuada
968 1604 1078 1665 Fames,
1099 1618 1133 1651 ac
1149 1601 1239 1670 turpis
1257 1604 1330 1671 Ege·

278 1701 347 1743 stas.
384 1688 441 1742 Mn.
486 1693 670 1758 „Paupertas,
697 1686 801 1741 Graece
818 1694 907 1749 aesta,
926 1697 978 1754 est,
1003 1687 1104 1759 siquis
1126 1698 1173 1741 aut
1196 1687 1261 1741 nihii
1285 1700 1331 1741 aut

280 1797 367 1850 pauca
387 1777 516 1848 possidete
544 1794 599 1847 quo
625 1775 653 1828 in
678 1786 746 1830 statu
767 1786 854 1847 potest
871 1774 909 1829 rei
928 1793 991 1829 suae
1009 1775 1142 1845 paucitate
1160 1775 1330 1845 possessionis

280 1875 421 1919 contentus
439 1883 509 1929 esse,
532 1863 572 1916 rel
591 1882 646 1915 non
671 1881 726 1917 esse
752 1872 903 1918 contentus.
951 1866 1061 1934 Egenus
1086 1861 1199 1928 dieitur,
1226 1863 1246 1915 si
1272 1864 1330 1934 quis

279 1954 359 2007 sentit
375 1952 424 2007 sibi
442 1953 531 2006 deesse
549 1962 576 2004 et
593 1950 645 2003 hoc
663 1949 833 2003 vehementes
850 1950 964 2022 appetit:
985 1950 1031 2020 qui
1049 1950 1162 2003 affectus
1181 1960 1266 2021 potest
1284 1967 1330 2002 aa·

281 2044 344 2095 dene
361 2042 400 2095 rei
420 2043 448 2094 in
468 2057 613 2113 pauperem
632 2036 672 2089 vel
691 2038 719 2089 iu
739 2037 855 2091 divitem.
897 2036 1002 2090 Graece
1020 2033 1108 2108 tedtp'e
1127 2049 1154 2091 et
1172 2048 1271 2108 egestas
1290 2040 1331 2087 ts·-

189 2126 199 2144 ⁸
280 2133 347 2183 dem.
384 2128 534 2191 mendicus,
552 2123 655 2190 πτωχός
673 2134 700 2177 et
714 2129 839 2190 πτωχεία,
857 2123 963 2192 dicitur,
982 2126 1003 2178 si
1023 2125 1082 2197 quis
1100 2125 1208 2196 pubiice
1225 2125 1258 2177 ab
1274 2124 1331 2178 efiis

280 2217 375 2288 stipem
393 2224 471 2286 roget
489 2212 541 2266 sire
560 2210 759 2265 munusculum.
804 2212 847 2264 De
865 2212 1015 2265 differentia
1040 2211 1090 2266 hac
1107 2212 1214 2284 elegans
1232 2223 1270 2265 est
1288 2213 1330 2264 fo·

281 2323 328 2357 cus
353 2304 381 2357 in
400 2298 586 2373 Aristophanis
613 2299 768 2366 comoedia,
797 2319 866 2372 quae
895 2299 1049 2353 inscribitur
1075 2299 1195 2354 Plutus.“
1224 2302 1330 2372 Wytt.

281 2392 327 2446 Est
345 2390 415 2444 Piuti
433 2386 619 2461 Aristophanei
638 2388 714 2441 loeus
731 2408 753 2442 v.
770 2390 935 2442 649-664.
959 2387 1001 2442 ed.
1020 2386 1134 2455 Hemet,
1165 2392 1329 2443 sao-550.

281 2479 359 2534 Both.
396 2480 530 2533 Adcurate
553 2478 587 2530 de
614 2495 708 2530 eorum
733 2478 878 2530 verborum
893 2477 1054 2545 vdifferentia
1082 2478 1136 2548 egit
1157 2476 1331 2530 Doededein.

280 2569 336 2622 Lat.
355 2567 459 2639 Synon.
479 2586 505 2619 u.
525 2565 641 2636 Etymof.
660 2562 705 2631 ΙΙΙ,
725 2585 750 2637 p
771 2569 936 2620 stt-12⁰.
965 2585 1017 2621 neo
1044 2566 1127 2619 nostri
1150 2565 1202 2618 ioci
1225 2565 1333 2619 oblitus.

281 2657 359 2709 Couf.
378 2655 460 2708 eiusd.
485 2654 590 2707 Handb.
615 2652 642 2708 d.
670 2654 728 2706 Lat.
746 2652 852 2722 synon.
878 2673 904 2724 p.
925 2657 976 2707 166
995 2672 1035 2723 eq.
1076 2652 1247 2705 Schmaffetd.
1274 2653 1331 2706 Lat.

281 2744 384 2816 Synou.
403 2764 428 2814 p.
443 2746 496 2797 161
514 2761 554 2813 sq.
573 2741 615 2795 ed.
634 2746 660 2793 1.
676 2738 794 2793 Schultz.
812 2740 870 2794 Las.
890 2738 996 2810 Synon.
1015 2759 1041 2809 p.
1051 2741 1104 2792 161)
1116 2758 1155 2808 sq.
1192 2738 1248 2791 Nee
1263 2758 1332 2792 can·

281 2831 440 2887 temnendus
456 2842 495 2885 est
510 2830 644 2884 Ausonius
661 2828 765 2899 Popma
784 2827 827 2880 De
837 2826 1004 2880 Differentiis
1021 2826 1174 2893 verborum,
1194 2847 1219 2898 p.
1229 2830 1282 2883 639
1292 2848 1333 2900 sq.

281 2925 333 2976 193
352 2940 410 2993 sqq.
429 2923 491 2974 411.
508 2918 550 2973 ed.
569 2915 754 2993 Messerschm.
792 2915 834 2968 Ad
854 2916 932 2968 rerba
951 2914 1058 2969 confert
1074 2914 1155 2985 Bong.
1179 2913 1255 2968 Orat.
1278 2914 1332 2968 Cn-

281 3010 347 3063 tifin.
366 3009 413 3074 tV,
433 3013 465 3063 oz
483 3017 516 3060 ut
534 3023 623 3059 omnes
640 3005 724 3056 animi
742 3005 882 3055 cruciatus
899 3012 927 3055 et
946 3003 1076 3073 corporis,
1093 3003 1175 3053 etiam
1192 3012 1332 3073 egestas

281 3114 314 3147 ae
332 3095 540 3147 mendicitas
557 3101 746 3163 consequatur.
781 3089 813 3142 M
819 3110 841 3142 r.

353 3185 425 3234 Nam
443 3193 475 3235 ut
493 3181 568 3247 iis,]
605 3178 688 3232 Solita
708 3179 867 3231 confusione
885 3179 983 3250 iegitur
999 3179 1041 3230 his
1059 3178 1086 3230 in
1105 3176 1190 3230 codd.
1205 3179 1263 3230 Cer.
1273 3182 1296 3229 1.
1308 3180 1333 3232 3.

282 3270 354 3329 Gud.
373 3270 407 3324 Α.
428 3268 507 3322 Dted.
525 3271 551 3322 1.
571 3273 594 3321 1.
615 3271 641 3321 3.
659 3271 687 3321 4.
706 3272 732 3320 6.
756 3267 824 3320 Edd.
854 3266 934 3319 Hdlb.
962 3267 1024 3318 Par.
1054 3268 1132 3319 1601.
1152 3269 1230 3319 1612.
1253 3268 1332 3319 1643.

282 3361 350 3413 Ven.
368 3362 448 3412 1614.
467 3357 533 3427 Arg.
552 3355 636 3426 Lugd.
655 3352 736 3406 Seius
752 3357 813 3407 Cn.
832 3357 857 3406 1.
882 3353 985 3406 exhibet
1011 3353 1084 3417 itti,
1112 3353 1212 3423 qni-
1231 3369 1333 3422 qaae·

274 3447 314 3499 'rt'
321 3457 342 3503 t.
379 3445 447 3499 Cod.
474 3443 554 3497 Drsd.
573 3447 599 3495 4.
624 3442 668 3492 uti
686 3441 724 3515 ie.
757 3439 828 3495 Gud.
848 3440 879 3493 B.
907 3441 951 3492 uti
970 3441 1022 3492 his·
1065 3439 1137 3492 Idem
1157 3439 1254 3493 omittit
1277 3440 1332 3509 qui.

284 3534 355 3589 Gud.
375 3540 408 3588 A.
427 3530 525 3585 omittit
542 3548 604 3583 rem.
641 3527 700 3581 Mn.

355 3624 402 3695 qni
421 3623 530 3673 honeste
548 3637 603 3671 rem
627 3618 775 3690 quaerunt]
823 3616 891 3672 Cod.
909 3617 988 3670 Suer.
1016 3618 1181 3670 honestate
1208 3633 1262 3667 rem
1288 3634 1332 3684 qn.

284 3708 370 3763 Codd.
388 3708 446 3762 Gne.
464 3712 491 3762 1.
509 3707 588 3761 Dese.
602 3710 628 3760 4.
649 3705 808 3758 honestam
823 3727 894 3768 rems
913 3706 993 3760 Desd.
1003 3709 1029 3761 6.
1048 3704 1236 3757 honestatem
1249 3719 1333 3774 quae-

284 3807 358 3852 runt.
395 3797 462 3850 cod.
482 3798 541 3850 Cre.
560 3800 586 3848 1.
605 3797 713 3847 honeste
739 3804 889 3865 quaerunt,
912 3790 1011 3846 omisso
1035 3810 1108 3852 rem5
1135 3790 1180 3843 sed
1207 3786 1278 3841 idem
1303 3788 1331 3838 in

285 3883 470 3957 sequentibus,
490 3883 680 3956 pandendis,
699 3882 825 3936 insertam
845 3881 924 3936 habet
941 3899 1033 3935 vocem
1059 3880 1173 3943 victum,
1200 3886 1230 3928 ut
1248 3894 1334 3947 appe-

285 3984 356 4038 tent,
381 3971 525 4036 codicem,
546 3990 575 4023 es
601 3990 656 4042 quo
675 3973 733 4023 crs.
753 3975 778 4023 1.
803 3970 951 4042 descriptus
977 3979 1029 4033 est,
1058 3984 1108 4038 pro
1135 3982 1189 4016 rem
1213 3962 1334 4017 habuisse

287 4059 418 4132 glossam,
437 4076 493 4110 nou
512 4057 657 4111 admodum
675 4069 781 4128 aptam,
803 4059 919 4121 vietam,
948 4075 1017 4126 quae
1036 4074 1051 4108 a
1071 4053 1181 4107 librario
1199 4052 1259 4107 ioco
1278 4070 1334 4106 nou

285 4169 336 4203 suo
354 4149 382 4202 in
408 4156 560 4201 contextum
582 4155 621 4197 est
647 4155 754 4215 recepta
775 4144 814 4196 rel
842 4145 930 4215 potius
956 4145 1066 4198 intrusa.
1112 4143 1178 4192 Item
1208 4156 1336 4213 quaesere

288 4236 375 4305 Wytt.
397 4233 509 4307 explieat
523 4232 714 4303 possessionem
733 4232 888 4302 acquirere5
908 4232 995 4302 aptius
1002 4231 1171 4285 Foncellinus
1189 4232 1216 4284 in
1228 4229 1334 4282 Lenito:
