3059 4925
689 1184 901 1245 excursus
925 1186 948 1243 t.

595 1319 670 1395 Ab
705 1319 1044 1395 PROOEMIUM.

494 1522 593 1604 Quae
617 1521 786 1586 dicuutur
809 1521 845 1584 in
870 1519 994 1583 scholis
1016 1516 1147 1586 deusuti-

297 1674 336 1752 ln
360 1695 410 1748 bac
428 1693 559 1759 editione,
586 1711 655 1764 quae
680 1692 754 1763 quasi
781 1690 997 1762 supplementum
1024 1701 1062 1742 est
1091 1688 1214 1743 editionis
1241 1696 1344 1738 nostrae

300 1784 523 1847 Tusculanorum,
543 1801 622 1853 qnam
642 1791 703 1833 octo
722 1778 820 1832 abhinc
838 1779 915 1831 annis
933 1778 1077 1844 edidimus,
1097 1797 1159 1832 cum
1180 1776 1256 1829 nobis
1272 1775 1343 1828 idem

297 1874 329 1926 sit
349 1870 530 1943 propositum,
555 1868 626 1940 quod
648 1868 675 1920 in
694 1867 753 1932 illa,
781 1878 811 1920 ut
827 1867 939 1919 excussis
957 1866 1031 1920 libris
1056 1878 1086 1920 et·
1097 1866 1202 1936 scriptis
1220 1873 1245 1916 et
1261 1863 1344 1927 editis,

298 1958 335 2011 vel
357 1958 460 2028 pridem
478 1957 510 2009 ab
530 1955 586 2008 aliis
605 1955 643 2007 vel
663 1973 755 2007 recens
774 1952 876 2007 collatis
893 1964 974 2024 atque
985 1954 1118 2024 inspectis,
1138 1953 1253 2023 primum
1266 1950 1345 2002 Cice·

300 2045 372 2097 rouis
385 2045 472 2109 rerba,
492 2053 623 2114 quantum
641 2041 748 2112 quidem
764 2040 845 2093 beria
859 2040 937 2092 nobis
949 2051 1045 2111 posset,
1065 2039 1208 2111 integritati
1223 2037 1345 2090 restitue-

299 2141 408 2196 rentur,
426 2130 608 2199 haberentque
627 2128 739 2181 lectores
759 2127 797 2180 rel
818 2128 863 2200 qui
884 2139 943 2198 post
960 2148 1010 2182 nos
1030 2128 1104 2181 bunc
1121 2127 1241 2180 libellum
1260 2136 1346 2178 esseut

298 2217 410 2283 edituri,
429 2236 483 2288 quo
500 2217 578 2269 veluti
597 2217 773 2269 fundamento
792 2217 862 2270 iacto
881 2235 927 2269 sua
947 2227 1175 2287 superstruerent:
1201 2214 1296 2267 deinde
1314 2232 1346 2266 ea

298 2304 347 2357 sub
374 2315 547 2374 conspectum
573 2315 598 2357 et
629 2304 752 2356 obtutum
779 2303 868 2373 paullo
900 2302 1112 2357 commodiorem
1140 2312 1226 2353 essent
1252 2299 1345 2371 posita,

300 2409 368 2461 quae
388 2410 402 2443 a
422 2390 482 2443 viris
500 2390 585 2444 doctis
603 2390 662 2462 plus
680 2391 799 2443 minusve
819 2390 931 2446 feliciter
949 2390 1001 2443 sive
1020 2387 1181 2458 corrigendo
1193 2387 1246 2440 sire
1263 2388 1348 2459 expli·

300 2479 387 2532 cando
405 2491 490 2533 essent
508 2491 622 2543 tentata3
641 2481 728 2534 sacere
748 2501 804 2534 non
824 2481 913 2552 potui,
934 2479 1014 2551 quin,
1034 2478 1080 2531 ubi
1099 2477 1173 2548 larga
1192 2475 1271 2528 nimis
1289 2495 1348 2528 ma-

299 2565 363 2618 teria
383 2567 533 2637 disputandi
552 2568 734 2631 succrevisset,
754 2568 857 2640 aliquot
882 2567 1013 2621 Excursus
1038 2565 1179 2628 adderem,
1207 2583 1241 2617 ne
1259 2583 1347 2616 anno·

300 2653 405 2707 tationis
430 2654 555 2707 contestis
582 2655 715 2709 subiectae
740 2655 811 2708 mole
836 2655 973 2726 scriptoris
999 2654 1077 2706 verba
1102 2654 1283 2705 obruerentur
1308 2650 1347 2703 rel

302 2740 375 2811 quasi
395 2738 455 2792 loco
474 2759 522 2793 suo
541 2740 756 2795 deturbarentur.
794 2742 827 2796 Et
848 2741 920 2795 bunc
939 2740 1047 2814 quidem
1066 2740 1211 2793 Excursum
1230 2740 1347 2810 primum

300 2828 335 2878 ita
354 2826 489 2879 instituere
509 2828 592 2880 risum
611 2838 663 2882 est:
682 2841 711 2882 ut
729 2829 849 2901 singulos
866 2829 993 2900 deinceps
1009 2829 1169 2899 interpretes
1191 2828 1244 2881 suis
1261 2827 1347 2880 verbis

301 2914 440 2985 loquentes
455 2915 599 2982 inducam,
618 2917 652 2969 ita
673 2928 779 2985 tamen,
797 2929 826 2969 ut
846 2937 859 2968 a
881 2916 961 2970 meris
980 2915 1182 2987 repetitionibus
1199 2914 1345 2967 earundem

300 3002 492 3055 sententiarum
512 3004 713 3075 eorundemque
732 3003 856 3058 locorum
875 3005 1032 3069 abstineam,
1051 3015 1107 3056 tum
1125 3020 1213 3053 meam
1225 2998 1346 3071 qualem-

302 3105 409 3157 cunque
426 3088 584 3141 sententiam
595 3090 703 3161 reliquis
715 3090 868 3161 supplendis
879 3089 983 3143 addam.
1019 3091 1052 3142 Et
1062 3089 1222 3141 Erasmus
1236 3086 1345 3157 quidem

303 3173 383 3227 baec:
401 3178 506 3241 „diotre
525 3177 667 3247 positiones
686 3190 746 3232 sunt
765 3190 790 3232 et
808 3190 965 3249 argumenta
984 3177 1183 3248 disputantium.
1227 3173 1256 3225 ln
1276 3192 1347 3226 non-

301 3260 381 3313 nullis
400 3260 537 3316 codicibus
554 3264 620 3317 lalso
631 3266 760 3337 scriptum
779 3277 835 3318 erat
851 3263 974 3335 κτητικᾰ,
995 3277 1020 3318 et
1037 3264 1169 3318 adiectum
1183 3262 1347 3331 possessivo:

302 3367 466 3420 quamquam
484 3361 510 3404 et
528 3353 554 3403 ln
575 3354 669 3406 ceteris
685 3355 869 3421 positivunon
884 3373 898 3405 a
911 3351 1002 3406 Tullio
1014 3351 1140 3416 additum,
1160 3348 1205 3402 sed
1223 3346 1348 3401 alectore

299 3456 362 3490 reor
379 3434 512 3489 adiectum
533 3439 637 3492 suisse.“

371 3523 500 3594 Xystus
519 3524 714 3580 Betuleius:
737 3528 870 3596 „Quintil
880 3527 925 3580 tib.
935 3526 965 3578 x.
984 3545 1007 3578 c.
1025 3530 1058 3580 bs
1076 3530 1109 3577 In
1122 3525 1171 3575 lroc
1183 3522 1280 3590 optime
1295 3520 1349 3590 sa-

301 3613 371 3665 cient
389 3611 516 3680 infinitae
535 3614 721 3684 quaestiones,
740 3634 809 3687 quas
830 3616 921 3667 vocari
940 3619 1025 3674 dicere
1043 3613 1173 3674 diximus,
1192 3606 1290 3679 quibus
1303 3605 1349 3657 ci-

301 3712 359 3748 cero
377 3698 569 3770 r'umprr‘ncepe
587 3701 616 3752 in
634 3702 788 3770 republica
805 3704 920 3754 exerceri
943 3700 1055 3754 solebat.
1106 3697 1160 3751 Sed
1188 3694 1252 3766 quid
1278 3712 1348 3764 opus

303 3792 341 3834 est
360 3783 453 3837 alienis
471 3786 596 3841 testibus?
633 3790 690 3859 lpse
708 3789 760 3843 boc
778 3791 816 3843 ad
831 3789 949 3843 Atticum
970 3788 1090 3842 scribens
1105 3784 1151 3837 lib.
1161 3784 1205 3845 lX,
1222 3783 1270 3850 [4.]
1291 3800 1347 3833 non

301 3881 410 3922 testatur
429 3873 524 3939 modo,
543 3875 588 3928 sed
608 3877 686 3944 etiam
706 3877 841 3949 exemplo,
860 3888 886 3930 et
904 3896 936 3929 eo
950 3874 1070 3941 Graeco,
1089 3869 1255 3942 comprobat.
1291 3866 1348 3931 Sic,

299 3957 424 4028 inquam,
444 3960 477 4013 ad
498 3960 614 4015 Atticum
634 3964 735 4018 scribit:
767 3965 821 4015 Sed
838 3975 941 4027 tomen,
966 3980 999 4014 ne
1018 3979 1058 4013 nae
1075 3969 1163 4012 totum
1180 3953 1348 4024 aegritudini

300 4043 406 4110 dedam,
431 4048 534 4114 sumpsi
560 4050 625 4100 miti
649 4060 782 4120 tanquam
808 4053 907 4114 θέσεις,
938 4066 1008 4120 quoe
1026 4057 1054 4099 et
1069 4045 1196 4117 politicae
1213 4049 1292 4105 sunt,
1319 4050 1348 4090 et

301 4139 446 4200 temporum
465 4132 566 4197 borum,
586 4145 617 4184 ut
634 4145 661 4193 et
679 4136 811 4187 obducam
829 4136 948 4187 uminum
966 4153 985 4185 a
1003 4133 1133 4206 querelis,
1151 4130 1220 4181 etin
1237 4145 1267 4179 eo
1280 4127 1348 4194 ipso,

298 4215 328 4263 de
348 4235 400 4285 quo
418 4218 527 4288 agitur,
544 4237 674 4274 exercear.
711 4221 815 4275 Deinde
833 4223 940 4276 subiicit
964 4218 1113 4292 exemplum
1140 4217 1173 4269 de
1196 4211 1348 4285 tyrannide.
