3059 4925
288 462 369 510 rrxrr
404 463 471 512 rnre
482 462 637 511 arram.
651 461 770 510 mrtcr
783 465 826 510 an
838 464 953 510 ranan.
988 464 1031 511 rr.
1045 464 1266 514 eoumram
1277 433 1336 511 irc.

359 631 417 685 tur,
435 621 549 686 deesset,
568 620 596 674 id
615 621 755 686 videbunt,
776 620 828 692 qni
843 619 962 675 tisettem
980 620 1054 676 bunc
1073 623 1164 691 parto
1188 625 1338 682 accuratius

360 710 529 781 inspexerint.

342 795 406 848 Erat
425 795 517 861 etiam,
545 814 628 872 quum
649 812 798 866 sperarem,
825 814 949 866 magnam
974 795 1031 848 fieri
1057 815 1132 867 posse
1159 797 1337 850 accessionem

288 882 428 954 apparatui
446 900 506 935 meo
526 883 627 949 critico,
647 902 732 955 eoque
750 883 813 940 hnic
832 895 922 938 nostro
941 882 1041 949 libello,
1059 886 1080 936 si
1099 884 1251 955 contigisset
1269 904 1338 938 nan·

290 968 350 1023 cisci
369 967 539 1023 collationem
559 969 664 1024 Codicis
688 969 800 1024 alicuius
816 971 975 1028 Ravennatis
992 971 1193 1026 Paradosorum
1219 974 1339 1027 vetustis-

288 1055 347 1107 simi
366 1067 445 1127 atque
461 1056 570 1127 optimi,
597 1057 643 1128 qui
671 1056 749 1108 fuisse
772 1056 870 1110 dicitur
893 1056 1035 1120 Nicolai
1062 1055 1085 1108 F
1092 1057 1232 1124 erretti,
1263 1060 1338 1111 cuius

291 1143 452 1195 mentionem
471 1144 534 1196 iecit
551 1143 721 1208 Blumius,
740 1144 774 1197 V.
793 1141 848 1208 Cb,
867 1141 960 1212 lCtus,
986 1144 1015 1196 in
1033 1145 1135 1200 Itinere
1151 1145 1268 1209 Italico,
1292 1148 1338 1218 qui

289 1229 320 1282 T.
339 1229 384 1296 tV,
413 1247 439 1300 p.
458 1234 518 1290 253.
543 1231 662 1301 scripsit:
687 1234 764 1297 „Der
788 1231 928 1302 Philologe
958 1250 993 1281 zu
1015 1233 1164 1300 Ravenna,
1192 1231 1337 1285 Niecoio

289 1315 722 1389 ,‚Ferretti,gestorben1554,
740 1318 916 1370 alsBesitzer
927 1318 974 1369 der
992 1316 1201 1387 beriihmten
1218 1320 1338 1369 Hand·

289 1404 446 1475 „rodrth
474 1424 537 1455 von
557 1406 700 1458 Cicero’s
718 1406 938 1457 Paradoxo.“
984 1403 1046 1456 Adii
1065 1403 1160 1474 igitur,
1187 1424 1202 1455 a
1220 1404 1338 1457 Bardiiio
1429 1447 1431 1452 .

290 1510 349 1542 meo
369 1490 497 1557 monitus,
513 1493 598 1544 sirum
617 1490 691 1544 illurn
711 1491 804 1544 litteris
822 1503 883 1544 ante
901 1491 950 1544 bos
967 1502 1020 1544 tres
1038 1510 1125 1544 annos
1141 1490 1222 1558 datis,
1247 1489 1339 1561 expio-

290 1587 408 1642 raturns‚
427 1578 455 1643 ⁴si
480 1577 538 1631 beri
565 1591 666 1649 posset,
698 1590 789 1646 utrum
809 1577 1157 1650 collationissaccipiendae
1175 1596 1235 1649 spes
1251 1577 1338 1648 aliqua

289 1664 436 1735 affulgeret.
473 1664 631 1718 Binmius
649 1677 752 1732 autem,
787 1686 846 1719 mox
865 1666 958 1720 litteris
977 1664 1180 1736 perhumaniter
1197 1664 1338 1736 rescriptis,

289 1770 377 1824 neque
392 1773 422 1808 se
441 1753 531 1807 vidisse
549 1753 625 1806 ilium
644 1752 773 1807 Codicem
792 1754 944 1824 respondit,
972 1771 1060 1823 neque
1087 1752 1174 1822 ipsum
1199 1750 1339 1820 Ravennae

288 1839 383 1893 fuisse:
410 1841 539 1896 audivisse
563 1860 593 1893 se
619 1860 677 1893 eam
702 1861 759 1896 rem
787 1840 924 1906 aKmnio
953 1837 1079 1901 relatam,
1110 1836 1185 1888 cuius
1211 1835 1258 1886 viri
1277 1854 1292 1887 a
1312 1855 1339 1886 se

289 1926 347 1995 ipso
368 1926 489 1982 nondum
509 1928 569 1994 visi,
595 1928 651 1998 ipse
679 1929 785 1981 fecisset
804 1928 966 1980 mentionem
996 1926 1025 1977 in
1046 1923 1110 1976 tomi
1130 1922 1216 1993 quarti
1233 1922 1340 1993 praesa·

289 2014 369 2066 tione.
419 2015 537 2067 Ubinam
564 2025 652 2067 autem
681 2013 816 2077 Kronios,
847 2012 892 2081 qui
919 2010 1097 2064 Vindobonae
1125 2008 1233 2079 egisset,
1267 2027 1340 2060 nunc

288 2113 525 2167 commemoretur,
544 2101 569 2152 id
588 2100 636 2153 sibi
656 2119 751 2171 parurn
772 2119 826 2155 esse
846 2110 1026 2170 conspertum.
1063 2096 1145 2164 Quod
1163 2115 1246 2167 quum
1260 2095 1340 2167 legis-

290 2206 360 2251 sem,
379 2187 429 2239 vidi
449 2206 538 2257 spem,
558 2206 639 2260 quarn
658 2205 852 2258 conceperam,
870 2187 976 2246 irritam
996 2205 1051 2254 esse
1068 2185 1175 2238 factam.

359 2273 459 2338 Restat,
478 2285 506 2326 ut
525 2289 677 2328 moneama
692 2294 735 2327 me
745 2276 825 2327 etiam
837 2275 864 2328 in
878 2272 1070 2330 enumerandis
1087 2270 1230 2323 iectiOttum
1245 2279 1338 2321 111610·

291 2360 411 2416 ritatibus
436 2360 512 2413 allata
538 2379 594 2416 esse
618 2380 648 2413 ea
680 2360 849 2428 adiumenta,
884 2361 982 2433 quibus
1009 2360 1049 2416 usi
1082 2368 1146 2412 sunt
1172 2355 1341 2422 Orethus,

291 2445 529 2515 Gernhardus,
552 2439 811 2520 borgersiui'),
828 2469 883 2505 non
901 2460 932 2505 tat
950 2468 981 2501 ea
1000 2447 1028 2499 in
1047 2446 1112 2500 meis
1129 2445 1209 2501 feisse
1227 2453 1341 2501 conten-

248 2531 254 2540 ’
291 2533 395 2598 desem,
425 2535 471 2587 sed
489 2546 517 2589 ut
538 2554 597 2595 uno.
611 2536 760 2588 exhiberem
779 2547 938 2608 conspectu,
967 2534 1095 2607 quicquid
1122 2533 1174 2586 sire
1200 2533 1234 2586 ad
1259 2533 1340 2586 stabi·

290 2620 406 2677 iiendam
423 2621 540 2694 aliquam
559 2622 702 2681 lectionem
719 2623 834 2689 iaceret,
861 2623 913 2678 sive
941 2621 1099 2699 testimonio
1111 2630 1178 2673 esset
1200 2618 1264 2673 nihil
1283 2619 1342 2689 opis

291 2728 345 2762 esse
363 2710 391 2762 in
409 2709 483 2763 libris
502 2709 535 2762 ad
554 2729 600 2764 eos
618 2711 691 2763 iocos
708 2712 848 2776 sanandos,
869 2712 915 2782 qui
934 2711 961 2763 in
980 2710 1034 2763 hoc
1050 2706 1141 2761 iibeiio
1153 2706 1276 2759 videntur
1293 2705 1341 2756 de-

290 2798 395 2867 sperati.
1139 2858 1141 2863 Α

363 2883 450 2937 Erunt
475 2884 601 2950 fortasse,
631 2885 677 2956 qui
696 2887 828 2939 mirentur
845 2905 861 2938 a
881 2905 924 2941 me
943 2903 998 2938 non
1016 2903 1073 2936 esse
1101 2880 1234 2949 adhibitos
1251 2878 1341 2950 piures

272 2971 369 3031 ,etiarn
388 2970 472 3024 libros
489 2969 584 3037 MSS.,
611 2991 726 3042 quorum
746 2984 817 3027 certe
837 2973 869 3025 ad
889 2992 976 3025 meam
996 2969 1117 3024 notitiam
1137 2967 1237 3020 venerit
1254 2965 1338 3018 sedes:

292 3068 321 3109 ot
346 3076 389 3109 sex
415 3056 636 3113 vindobonenses
659 3059 740 3130 (quos
773 3070 891 3112 recenset
916 3063 957 3110 St.
980 3057 1125 3109 Endlr'clrer
1150 3055 1178 3107 in
1211 3052 1339 3122 Cataiogo

292 3142 378 3196 corr.
403 3142 528 3197 patrnos.
548 3143 626 3197 nass,
652 3145 722 3199 nisi.
746 3147 831 3201 pant.
860 3146 979 3200 vinnon.
998 3129 1078 3198 isan.
1096 3144 1154 3212 4.),
1172 3142 1340 3204 parisienses,

292 3232 363 3285 aiios.
414 3230 551 3298 lisciant,
579 3233 662 3287 varias
680 3254 734 3288 esse
752 3254 859 3301 causas,
892 3234 989 3305 quibus
1007 3231 1130 3302 impediri
1156 3230 1239 3301 possit
1257 3227 1339 3280 horno

282 3318 442 3374 &holerum
464 3318 492 3371 in
511 3319 606 3373 umbra
626 3321 795 3385 delitescens,
812 3322 946 3393 stipendio
966 3321 1058 3372 fruens
1077 3317 1192 3380 modico,
1210 3316 1265 3368 otio
1284 3315 1339 3366 fere

293 3404 382 3468 1111110»
409 3423 465 3475 quo
486 3405 576 3459 minus
594 3426 689 3463 manns
707 3411 828 3480 porrigat
844 3410 878 3462 sd
899 3428 947 3472 ea,
973 3406 1071 3477 quibus
1088 3405 1193 3458 abunde
1221 3403 1258 3455 uti
1278 3420 1339 3473 pos-

293 3504 371 3559 sunt,
391 3508 508 3564 quorum
527 3503 567 3549 eet
584 3493 650 3549 atius
669 3494 761 3560 iocus,
778 3496 829 3562 alia
847 3495 976 3549 conditio.

363 3719 388 3782 *)
419 3717 460 3770 Ab
480 3716 621 3772 Oreliio
646 3722 745 3793 sumpsi
773 3722 899 3777 lectiones
917 3721 1003 3775 codd.
1029 3720 1108 3773 Bern.
1131 3721 1190 3773 Bas.
1216 3719 1341 3790 Gueipb,

294 3787 363 3840 Edit.
384 3807 457 3858 prc.,
486 3788 607 3860 Excerpt.
631 3791 716 3862 Ityn,
745 3793 813 3846 Edd.
844 3795 959 3858 Victor„
984 3791 1122 3861 Magnnii,
1150 3791 1235 3843 susti.
1259 3791 1340 3854 Petri,

236 3860 238 3864 ’
292 3856 723 3924 Manut.15tt,ttut›esittstt;
753 3864 984 3917 Gernhardus
1002 3864 1117 3916 laudarit
1142 3862 1191 3914 Ed.
1210 3864 1341 3912 Venetam

293 3932 381 3993 sest,
400 3929 510 3983 Arcens.
525 3934 622 3995 1510..
640 3931 869 3991 Anemoeeianarn
887 3939 957 3989 1563
976 3937 1059 4005 (quae
1078 3935 1155 3998 item,
1184 3945 1213 3985 nt
1241 3943 1341 3999 nostra,

294 4011 332 4052 cst
351 3999 660 4055 Pseudoanemoeciana:
682 4003 731 4056 rid.
750 4006 766 4056 1.
786 4026 809 4059 0.
830 4025 871 4075 ap.
892 4003 975 4058 Oceli,
998 4028 1024 4076 p.
1035 4008 1085 4061 351
1101 4007 1155 4075 sq.)
1191 4003 1342 4072 Borger.

293 4072 364 4123 sius
383 4068 495 4122 contulit
513 4071 595 4137 duos,
622 4092 690 4143 quos
713 4077 779 4141 diri,
804 4072 890 4129 Cotid.
915 4078 990 4130 Voss.
1023 4088 1047 4128 et
1072 4075 1121 4128 Ed.
1146 4095 1202 4151 pre.
1220 4073 1342 4144 Mogont.

294 4144 372 4195 14115.
392 4141 435 4193 sed
457 4142 543 4194 minus
561 4155 692 4197 accurate.

714 4264 918 4273 nam-.-
