3059 4925
281 449 356 524 308
466 517 470 522 ,
605 468 777 520 curnem
806 466 1001 518 srotconuu.

281 637 399 692 risotttm.
435 631 561 687 Ceterum
588 631 620 685 de
639 629 727 684 Croesi
749 628 878 684 reditibus
901 628 1010 682 consule
1036 627 1175 682 Budaeum
1203 628 1230 680 in
1257 635 1273 682 2
1300 630 1335 684 de
1352 692 1367 698 „

281 723 346 776 Α...
372 723 412 792 [ρ.
430 725 490 777 nr.
516 720 544 772 iu
562 718 635 773 sen.
662 718 699 772 nt
720 716 864 772 Numanae
881 716 923 769 ec.
944 716 976 770 n.
993 715 1209 788 necuenngru
1238 719 1334 787 xyst.
1398 702 1405 756 ῖ

281 808 390 863 Betui.
434 800 535 861 Probat
553 806 635 876 Borg.
664 805 838 876 scriptionem
862 821 990 858 sexano:
1015 804 1101 858 soient
1125 804 1213 869 enim,
1237 804 1335 876 inquit,

282 897 389 952 numeri
407 894 554 951 cardinales
571 906 597 948 et
615 892 773 947 distributivi
792 894 821 945 in
841 891 921 946 MSS.
940 891 1080 945 confundi.
1118 892 1182 946 Vid.
1199 890 1282 945 Drat.
1301 893 1335 945 ad

283 986 338 1040 tte.
356 983 462 1051 xxxn,
483 985 547 1037 tw
582 980 748 1035 Forceiiinus
765 981 795 1033 in
813 980 873 1033 Lex.
890 980 923 1032 T.
944 978 990 1031 IV.
1011 999 1037 1050 p.
1056 982 1118 1032 100.
1137 997 1163 1030 ι.
1181 978 1221 1030 ed.
1241 976 1335 1032 Germ.

196 1082 197 1085 ’
282 1073 408 1128 sestertia
425 1072 451 1126 h.
470 1071 497 1136 1.,
516 1069 589 1142 quod
608 1068 705 1140 pesrim
723 1087 738 1120 a
759 1067 844 1137 poetis
862 1067 964 1120 dictum
983 1067 1016 1120 sit
1034 1066 1110 1120 metri
1129 1066 1213 1137 gretia
1232 1083 1283 1137 pro
1292 1085 1336 1119 se-

283 1160 423 1227 etertiunr‚
442 1159 558 1230 positum
576 1157 655 1210 etiem
674 1174 729 1209 esse
746 1175 760 1208 a
780 1154 928 1219 Cicerone,
955 1154 1005 1207 nisi
1028 1154 1098 1207 forte
1117 1171 1168 1223 pro
1192 1172 1256 1207 voce
1280 1152 1335 1206 HS.

285 1248 410 1319 posuerit.
445 1245 586 1317 Zumptius
603 1245 630 1297 in
649 1243 771 1296 Gramen.
790 1242 845 1296 Lat.
864 1243 887 1309 §-
906 1244 970 1296 sta.
996 1261 1023 1311 p.
1040 1243 1102 1295 tto.
1129 1239 1178 1293 Ed.
1195 1242 1220 1294 9.
1262 1239 1335 1305 dicit,

286 1336 438 1389 Genitivum
457 1332 530 1385 miiie
553 1329 716 1396 mmmmm,
743 1350 794 1402 pro
819 1330 1003 1382 sestertiorum
1027 1328 1092 1398 (pro
1114 1327 1187 1380 mitte
1213 1327 1337 1395 sestertii)

286 1432 459 1493 usurpatum,
484 1437 590 1473 causam
609 1418 702 1485 fnisse,
731 1429 760 1471 ut
786 1436 878 1470 errore
899 1416 1017 1488 quodam
1042 1414 1219 1487 grammatico
1235 1425 1335 1467 sester-

287 1510 356 1560 tium
374 1507 565 1561 existimaretur
591 1524 645 1558 esse
663 1519 763 1557 nomen
789 1502 895 1573 generis
919 1514 1007 1556 neutr.
1034 1514 1119 1575 utque
1144 1523 1168 1557 v.
1186 1521 1211 1556 c.
1230 1502 1334 1555 dicere·

288 1606 332 1650 tur
355 1604 481 1647 sexcenta
499 1594 625 1645 sestertia
645 1613 694 1664 pm
723 1602 849 1643 sexcenta
876 1591 963 1644 mittin
987 1587 1156 1643 sestertium:
1181 1589 1261 1661 idque
1280 1609 1335 1643 non

287 1682 442 1753 frequenter
466 1680 574 1749 quidem
603 1681 705 1733 fectum
736 1698 868 1751 apparere
895 1678 966 1750 opud
991 1678 1166 1744 Ciceronem,
1195 1677 1336 1748 aliquoties

289 1780 391 1833 tamen,
410 1769 483 1820 utin
505 1768 581 1819 Verr.
598 1770 624 1833 3,
643 1772 686 1821 50.
704 1767 800 1820 Parad.
820 1770 845 1820 6.
867 1794 901 1805 -
929 1766 969 1817 W
976 1777 1037 1837 ytt.
1063 1766 1181 1837 denique
1199 1766 1226 1817 in
1240 1765 1336 1820 scholis

288 1858 366 1912 baec:
399 1859 550 1921 ‚namna
567 1882 602 1894 -
627 1865 738 1909 centeno
757 1883 793 1894 -
820 1855 979 1907 Centeno'i.
998 1874 1021 1907 e.
1048 1856 1192 1927 quotannis
1215 1866 1336 1909 centum:

287 1948 323 1999 ite
342 1943 413 1997 enim
431 1942 496 1996 haec
514 1942 655 1996 differunt:
674 1942 764 1996 Veluti
782 1961 844 1997 cum
864 1942 977 1996 dicimus
995 1943 1028 1995 de
1047 1954 1165 2014 quatuor·
1176 1941 1337 2002 bominibus,

192 2062 194 2065 >
288 2051 334 2086 eos
352 2032 482 2102 accepisse
501 2042 627 2085 centenos
652 2030 800 2095 sestertios,
825 2028 1002 2100 significatur,
1029 2047 1251 2101 unumquemque
1268 2046 1336 2081 cen-

288 2131 346 2173 tum
365 2118 507 2189 accepisse:
523 2129 550 2171 et
568 2118 589 2170 si
606 2117 686 2183 dicas,
705 2116 753 2169 bos
771 2127 889 2187 quatuor
901 2127 1010 2170 centum
1026 2117 1167 2188 accepisse,
1186 2114 1237 2170 hoc
1251 2124 1336 2180 notet,

289 2227 335 2261 eos
352 2205 430 2260 simui
444 2224 502 2258 non
524 2204 583 2276 pins
601 2217 809 2277 quatercentum
836 2204 977 2276 occepisse.
1026 2202 1118 2276 Itaque
1137 2202 1233 2257 Cicero
1255 2211 1338 2267 notat,

289 2313 317 2347 se
336 2292 481 2365 quotannis
496 2303 603 2346 centum
623 2293 738 2346 sestertio
758 2292 890 2362 ecoepisse
908 2311 924 2344 e
948 2292 1002 2344 suis
1019 2292 1145 2362 praediin
1171 2290 1217 2343 sed
1240 2287 1337 2344 deiude

291 2383 370 2435 etiam
387 2380 515 2435 sententie
535 2380 699 2451 postulabat,
719 2392 749 2434 ut
760 2381 801 2433 de
816 2380 927 2445 ditiore,
952 2378 998 2451 qui
1016 2380 1096 2432 sexies
1119 2379 1248 2430 maiorem
1267 2374 1340 2428 redi·

292 2483 348 2522 tum
366 2468 491 2534 heberet,
514 2468 626 2534 diceret,
646 2488 707 2522 enm
726 2480 886 2523 sexcenteno
904 2470 1039 2539 accipere,
1064 2466 1136 2519 unde
1155 2465 1257 2518 librarii
1276 2482 1339 2519 eer-

292 2567 371 2610 cenea
391 2556 483 2609 fecisse
500 2555 636 2621 videntur,
656 2575 707 2610 nec
725 2555 783 2609 sino
800 2555 905 2608 ratione
923 2553 1089 2608 Faccioiatus
1115 2554 1143 2605 in
1161 2553 1221 2604 Lex.
1235 2549 1340 2604 Latinit.

292 2665 315 2696 v.
334 2643 474 2697 sestertios
491 2644 639 2713 suspicetur
657 2661 712 2695 esse
729 2641 802 2696 hunc
821 2642 959 2696 Ciceronis
979 2640 1068 2697 locunt
1087 2649 1255 2708 corruptum.
1293 2635 1341 2689 Ci-

291 2729 397 2783 eeronis
412 2728 512 2780 reditus
530 2739 587 2781 erat
611 2732 717 2782 145000
742 2727 923 2792 florenorum,
951 2725 1038 2780 Crassi
1064 2744 1125 2778 vero
1150 2727 1285 2779 645000.“
1305 2753 1339 2767 -

292 2814 324 2868 In
342 2836 364 2867 v.
383 2825 509 2867 sexcenta
526 2832 583 2868 non
600 2816 701 2869 variant
720 2815 780 2868 libri
801 2817 898 2880 nostri,
919 2834 971 2886 ego
994 2826 1100 2879 temen,
1125 2831 1290 2885 quamquam
1311 2812 1339 2865 in

293 2903 575 2958 contemneremus
592 2922 652 2956 eene
668 2905 841 2976 scriptionem
861 2903 961 2957 Get-nit
980 2914 1007 2956 et
1024 2886 1151 2967 Oreiiius,
1168 2918 1281 2953 sexcena
1296 2918 1341 2951 ex·

294 2992 386 3044 hibere
403 3008 458 3043 non
477 2991 602 3047 debitori.
639 2991 694 3043 Pto
711 2992 837 3045 sestertio
854 3001 893 3042 est
910 2990 1042 3043 sextertio
1060 2990 1089 3041 in
1108 2986 1194 3041 Codd.
1213 2987 1340 3039 Crem.

294 3077 430 3142 Dcsd.1.;
459 3077 487 3130 in
507 3076 587 3135 Drsd.
606 3082 631 3131 4.
657 3090 784 3133 sosoma
809 3078 925 3129 mittta
948 3077 1130 3143 sextario,
1160 3076 1188 3126 in
1215 3072 1297 3125 Drtd.
1315 3076 1341 3126 5.

294 3173 419 3217 sexcenta
437 3166 611 3237 sextario.
648 3164 720 3220 Gud.
739 3166 771 3219 Α.
788 3185 837 3238 ego
853 3182 887 3216 ex
906 3165 970 3217 oreis
988 3174 1107 3216 centeno.
1143 3162 1201 3215 ΜΓ.

362 3251 407 3302 ittt
421 3261 524 3305 aurato
542 3263 616 3303 teoto
634 3254 663 3304 in
682 3254 765 3322 villis]
803 3252 871 3306 Cod.
890 3252 970 3307 Drsd.
988 3256 1014 3307 t.
1040 3263 1066 3304 et
1089 3248 1196 3304 Suerin.
1225 3249 1271 3300 itte
1291 3266 1341 3317 pro

294 3338 351 3401 itti,
378 3335 429 3390 Or.
448 3337 483 3390 U.
508 3355 592 3395 aurea
612 3358 663 3410 pro
688 3352 809 3402 ourato;
838 3340 887 3393 Ox.
905 3340 937 3395 N.
961 3341 1015 3391 vist
1039 3337 1104 3406 (sic)
1128 3357 1178 3408 pro
1206 3335 1287 3388 uillis.
1307 3361 1341 3377 -

296 3425 385 3478 Verba
403 3426 432 3476 in
450 3425 523 3478 vittis
541 3427 638 3482 absunt
655 3428 688 3480 ab
708 3444 763 3481 uno
782 3427 871 3480 ttdi.
913 3427 1026 3479 Videtur
1039 3425 1131 3496 legisse
1149 3424 1172 3476 F
1173 3444 1210 3477 rc.
1223 3421 1294 3492 Syir.
1313 3422 1342 3473 ἐκ

294 3512 370 3570 0οη
388 3510 467 3564 babet
487 3512 558 3564 enim
577 3512 736 3568 hoeiemme
755 3517 788 3569 ad
806 3515 880 3570 hunc
898 3515 990 3569 iocum
1007 3525 1034 3568 et
1051 3513 1179 3583 explicate
1197 3511 1244 3576 „in
1264 3528 1345 3580 pree·

296 3599 372 3651 diis.“
418 3598 459 3650 De
484 3598 669 3655 Romanorum
688 3604 790 3658 insania
817 3604 845 3656 in
875 3603 942 3656 vittis
965 3601 1136 3659 aedificandis
1153 3599 1243 3652 iaudat
1259 3597 1342 3666 Borg.

296 3684 454 3738 direntium
472 3686 506 3738 ad
524 3688 580 3741 cic.
598 3709 648 3760 pro
667 3690 762 3745 Milon.
782 3697 824 3745 20.
865 3691 994 3744 Universe
1015 3689 1049 3743 de
1073 3687 1136 3741 inm
1158 3687 1344 3740 Romanorum

296 3771 346 3823 vid.
366 3790 435 3842 quae
457 3777 590 3845 congessit
616 3777 653 3830 io.
672 3778 805 3832 Mercrius
828 3782 856 3832 in
886 3778 970 3846 libro,
995 3794 1076 3848 quem
1101 3773 1234 3845 inscripsit
1258 3774 1344 3826 Roma

296 3857 451 3910 Luxuriam.
470 3859 549 3913 Hein.
567 3866 646 3917 tuot.
664 3870 690 3919 4.
709 3895 743 3906 -
771 3867 834 3918 nota
853 3865 966 3938 explicet
984 3864 1007 3916 F
1008 3883 1045 3917 rc.
1057 3862 1129 3934 Syir.
1146 3860 1345 3932 „porimeote.‘⁴

275 4012 280 4025 .
297 3943 327 3996 in
346 3941 431 3996 Codd.
451 3945 544 4001 Duisb.
562 3949 631 4003 Gnd.
646 3951 676 4007 Β,
695 3951 753 4005 Bas.
771 3964 810 4006 est
826 3956 886 4005 sola
903 3970 1048 4013 murmuret
1067 3953 1093 4004 in
1110 3949 1205 4003 Crm.
1225 3959 1251 4002 et
1261 3946 1312 4001 Ox.
1320 3965 1346 3998 o.

295 4031 369 4083 ⁸⁰¹⁰
384 4050 543 4098 marmore,
560 4035 611 4090 0¹·
630 4037 660 4097 E·
680 4039 699 4092 Ι.
719 4061 744 4109 η.
759 4042 905 4093 sotoris
920 4056 1067 4092 mrntoren
1085 4054 1147 4091 cunt
1166 4034 1248 4089 Bero.
1266 4032 1348 4088 nne.

297 4122 324 4169 1.
342 4120 381 4181 8·;
401 4119 429 4170 in
447 4119 496 4172 Ox.
517 4120 549 4172 N.
566 4132 592 4175 et
610 4124 690 4177 Drsd.
708 4130 735 4179 4.
754 4127 849 4178 solia
866 4142 1008 4191 mmmm
1030 4125 1085 4178 01.
1103 4141 1134 4185 ψ.
1152 4122 1233 4175 Drsd.
1250 4127 1276 4175 2.
1297 4138 1346 4172 so-

294 4203 389 4297 xlaria
408 4222 556 4258 morerere.
605 4208 649 4262 Est
674 4211 752 4264 etiarn
776 4212 834 4267 eolo
854 4228 996 4264 nrormors
1020 4213 1049 4264 in
1067 4210 1116 4263 Ed.
1142 4227 1213 4279 ραις
1244 4209 1272 4259 in
1297 4204 1347 4257 Ed.
