3059 4925
523 476 564 521 eo
593 471 788 520 ennsooxon
803 471 846 531 iv,
865 467 891 516 2.
1147 440 1219 518 351

173 648 324 710 excerptum
343 636 395 690 sive
422 631 684 705 compilatumdicit
704 632 776 685 Petr.
797 627 944 698 Alcyonius
961 629 994 682 de
1013 628 1096 683 Exitio
1115 649 1140 700 p.
1160 634 1221 692 141.

174 726 214 779 ed.
233 721 374 779 Mencken.
391 721 462 794 lips.
479 723 559 775 1101.
595 718 655 772 Mr.

594 832 800 848 ...πρῲ-.-

562 934 773 995 EXCURSUS
796 936 835 993 X.

414 1089 489 1166 Ao
516 1087 857 1166 Peennoxon
881 1093 930 1187 v,
955 1049 1009 1165 2.

228 1249 346 1336 Atque
368 1261 408 1314 ut
430 1252 468 1314 ia
491 1269 626 1333 magno
641 1248 793 1326 familia
813 1260 897 1313 eunt
919 1250 988 1315 olii
1007 1250 1176 1316 lautiores

180 1360 220 1413 ut
244 1349 313 1414 sibi
333 1351 508 1429 videatur,
530 1349 642 1430 serui,
665 1348 726 1411 red
749 1358 866 1411 tamea
889 1351 1001 1415 servi:
1024 1351 1125 1416 sicii
1139 1354 1227 1439 pari

180 1452 340 1515 stultitia
371 1463 473 1530 curet,
507 1473 588 1536 quos
620 1449 744 1535 siguo,
776 1472 859 1535 quos
884 1449 1044 1525 tabulae,
1080 1475 1162 1539 quos
1187 1490 1225 1499 —

286 1549 451 1637 aedificia
473 1548 667 1640 magnifico
690 1549 799 1613 nimio
819 1571 920 1635 opere
941 1550 1127 1617 delectant.

252 1693 297 1747 Sic
315 1692 400 1758 edidi,
428 1709 591 1766 quemquam
624 1690 693 1744 hanc
720 1710 775 1743 esse
801 1689 941 1744 Ciceronis
963 1709 1072 1745 menum
1099 1707 1232 1765 praestare

180 1802 236 1835 non
255 1781 348 1835 ausim.
384 1779 437 1833 Sed
456 1779 483 1831 in
501 1789 573 1832 tenta
592 1795 655 1829 cum
672 1776 803 1829 librorum
823 1788 880 1830 tum
897 1778 1058 1833 iudiciorum
1078 1780 1233 1853 discrepen-

180 1872 216 1925 tia
236 1872 261 1923 id
282 1870 332 1922 suit
350 1866 519 1939 eligendum,
538 1864 611 1938 quod
630 1884 684 1917 non
703 1866 849 1918 sententiae
868 1877 986 1932 tantum,
1013 1867 1057 1920 sed
1077 1870 1156 1921 etiem
1175 1891 1245 1942 ser-p

182 1958 256 2011 moni
276 1955 414 2010 Ciceronis
431 1953 492 2007 setis
511 1955 654 2008 convenire
672 1953 812 2006 rideretur.
851 1955 908 2025 Age
929 1974 1006 2021 vero,
1032 1956 1170 2009 audiemus
1195 1960 1233 2010 vi-

182 2063 228 2097 ros
246 2044 352 2097 criticos
370 2054 396 2095 et
414 2043 572 2112 interpretes
589 2042 675 2111 ipsos,
704 2060 765 2093 cum
791 2042 819 2093 in
845 2042 895 2095 hec
920 2043 1036 2096 editione
1059 2045 1130 2098 idem
1156 2048 1234 2100 nobis

183 2135 215 2187 sit
234 2133 413 2204 propositum,
432 2129 503 2201 quod
522 2129 550 2181 in
570 2128 685 2181 editione
702 2127 924 2182 Tusculanarum.
960 2129 1039 2197 Quae
1056 2132 1077 2184 si
1096 2133 1154 2204 quis
1168 2153 1235 2186 con-

97 2261 106 2268 .
183 2220 310 2273 tructiora
328 2218 389 2273 velit
407 2237 478 2284 esse,
496 2217 561 2271 sciet
579 2233 622 2268 me
641 2216 755 2268 noluisse
773 2216 834 2269 viris
851 2217 948 2270 criticis
973 2237 1030 2271 mea
1054 2220 1133 2272 rerba
1153 2223 1236 2273 subii-

185 2326 262 2374 cere,
281 2326 316 2360 ne
333 2307 402 2359 sorte
420 2307 464 2359 cui
482 2304 553 2358 atiud
574 2304 665 2358 dixisse
680 2304 831 2367 videantur,
857 2324 937 2377 quam
964 2325 994 2358 re
1021 2325 1081 2358 rere
1105 2307 1233 2361 dixerunt.

184 2393 292 2449 Primus
309 2394 391 2466 igitur
410 2392 530 2465 prodeat.

265 2483 462 2546 Victorius,
490 2482 537 2553 qui
566 2498 627 2534 cum
659 2481 687 2532 iu
716 2480 792 2533 editis
819 2482 969 2550 reperisset:
1002 2484 1079 2534 Servi
1106 2476 1237 2536 atrienses

185 2593 220 2627 ac
246 2585 277 2625 ta
303 2572 366 2642 pari
396 2570 533 2634 stultitia,
563 2568 629 2623 haec
661 2569 808 2623 adnotavit:
843 2572 952 2637 „Vetus
977 2569 1068 2624 lectio:
1097 2573 1238 2624 Attienses
1314 2620 1316 2623 ,

186 2680 222 2713 ac
245 2660 358 2729 topiarii
379 2658 518 2709 stultitiae
545 2667 625 2721 tuae,
665 2677 744 2729 quem
773 2669 799 2711 et
824 2658 914 2729 recepi
939 2670 965 2712 et
989 2658 1120 2712 sincerem
1143 2659 1240 2712 iudico.

91 2762 98 2773 '
186 2746 258 2825 Nihil
281 2756 371 2800 autem
397 2744 500 2816 vuigata
526 2744 578 2798 dici
602 2757 688 2816 potest
705 2746 880 2817 depravatum,
923 2744 1068 2798 Multitudo
1095 2766 1240 2810 servorum,

188 2853 270 2906 quarn
289 2833 391 2905 antiqui
411 2832 597 2904 possidebunt,
617 2832 769 2885 iacuitetem
788 2832 842 2886 iilis
859 2834 952 2898 dabat,
979 2845 1007 2886 ut
1026 2835 1171 2904 unicuique
1198 2835 1241 2886 oi·
1286 2821 1288 2825 ’

190 2923 253 2976 ticio
272 2934 298 2976 et
315 2912 462 2974 ministerio
474 2939 543 2972 vsuos
561 2931 587 2973 et
605 2919 753 2991 peculiares
770 2940 859 2972 servos
877 2920 1055 2990 imponerent,
1074 2939 1173 2990 eosque
1192 2941 1240 2991 ap-

190 3009 320 3083 pellerent
337 3028 352 3061 e
371 3007 480 3078 negotio
498 3006 559 3072 iiio,
578 3007 652 3078 quod
671 3023 763 3059 eorum
784 3026 864 3061 curae
882 3007 1053 3060 commissum
1072 3017 1097 3058 et
1116 3007 1240 3061 traditum

189 3107 255 3150 eret.
300 3095 394 3163 Quare
412 3094 532 3165 opulenti
550 3094 588 3147 illi
613 3106 638 3148 et
657 3095 742 3160 beati,
773 3095 870 3166 quibus
890 3094 1012 3147 viridaria
1031 3104 1121 3161 erant,
1146 3113 1242 3161 servos,

191 3183 239 3256 qui
257 3202 338 3253 opera
357 3183 470 3254 topiaria
490 3183 624 3250 iacerent,
649 3182 790 3236 habebant.
834 3182 863 3235 in
891 3181 1033 3236 Pendectis
1058 3182 1091 3235 de
1119 3182 1242 3236 instrum

192 3273 231 3326 rel
250 3273 372 3325 instrum.
392 3272 443 3343 leg.
462 3271 490 3323 L.
508 3270 687 3324 instrumento
705 3270 782 3323 fundi
800 3267 824 3341 5.
845 3268 1040 3321 conservandi:
1058 3269 1159 3338 Qualia
1176 3282 1240 3321 sunt

194 3360 283 3424 dotto,
310 3361 373 3411 lieet
398 3359 508 3430 defossa
526 3378 578 3410 nun
604 3359 675 3424 siat,
702 3368 729 3410 et
748 3376 834 3427 capae
859 3356 1018 3429 quibusdum
1042 3357 1069 3408 in
1093 3357 1244 3428 regionibus

194 3449 326 3500 accedunt
345 3449 538 3500 instrumento:
556 3447 580 3498 si
598 3446 665 3498 ailla
685 3445 783 3496 cultior
800 3454 856 3508 est,
874 3446 957 3494 etiam
977 3444 1122 3509 atrienses,
1147 3461 1243 3512 scopu-

194 3536 243 3589 rt'i:
270 3537 295 3589 si
321 3536 403 3586 etiam
429 3534 576 3599 viridaria,
603 3533 728 3603 topiarii:
754 3534 780 3585 si
798 3533 924 3602 fundus,
948 3533 1039 3584 saltur
1053 3531 1244 3602 pactionesque

195 3621 291 3686 habet,
308 3638 402 3693 greges
417 3638 556 3690 pecorum,
571 3630 710 3689 pastores,
733 3620 873 3672 saltuarii.
921 3619 1018 3687 [Locus
1037 3630 1075 3672 est
1094 3617 1194 3688 Digest.
1213 3619 1242 3672 L.

193 3708 310 3774 ΧΧΧΙΗ,
328 3708 381 3761 Tit.
392 3708 448 3773 VH,
463 3709 502 3775 8.]
539 3706 635 3761 Cicero
654 3710 732 3761 etiam
751 3707 809 3760 Lib.
828 3705 871 3758 tlt.
889 3705 921 3757 ad
939 3704 975 3772 Q.
993 3705 1114 3757 Fratrem
1132 3705 1244 3758 eandem

194 3797 264 3850 hanc
282 3810 339 3848 rem
357 3794 527 3866 significarit,
554 3796 674 3866 quamvis
701 3814 757 3848 non
786 3804 839 3846 tem
859 3804 964 3864 aperte;
987 3793 1076 3863 inquit
1102 3792 1185 3846 enim:
1214 3807 1246 3845 ut

196 3882 308 3953 denique
326 3882 368 3932 itti
381 3881 497 3950 palliati
514 3884 659 3951 topiariam
672 3882 940 3952 facereaideoutur‚
958 3889 986 3930 et
1003 3882 1110 3932 ederam
1128 3881 1247 3934 uendere.

195 3967 254 4036 [Est
273 3969 321 4039 Ep.
340 3969 376 4035 1.]
413 3968 468 4020 Nisi
487 3968 577 4034 failor,
598 3969 661 4022 huic
680 3968 740 4021 loco
760 3967 861 4020 reddite
880 3966 1083 4037 suuintegritas
1101 3978 1152 4021 est:
1178 3984 1247 4036 quae

196 4066 284 4109 eutem
304 4057 378 4127 prius
395 4065 451 4109 erut
469 4054 564 4122 lectio,
590 4068 616 4109 et
634 4053 697 4109 saise
717 4067 742 4108 et
759 4055 834 4108 rudis
852 4053 998 4107 admodum
1017 4063 1086 4118 erat,
1116 4052 1246 4105 sententia

196 4153 313 4195 nuncet
331 4142 410 4213 plana
429 4142 607 4215 eteiegans.“
651 4144 707 4213 [Est
725 4154 813 4197 eutem
838 4143 865 4196 in
885 4140 934 4196 Ed.
953 4141 1021 4194 Rob.
1040 4138 1148 4209 steph„
1177 4157 1246 4208 quae

193 4225 221 4278 in
241 4226 373 4299 plerisque
394 4228 496 4285 exhibet
514 4242 612 4285 textum
636 4232 838 4294 Victor-ionum,
864 4230 900 4282 ito
919 4228 1018 4281 editum
1034 4236 1060 4280 et
1078 4225 1245 4280 distinctum:
