3059 4925
619 442 823 492 onoouurou.
876 461 878 468 κ
1099 495 1102 500 ,
1162 475 1165 484 »
1207 427 1254 499 17

204 612 260 655 tum
288 618 367 655 causa
388 599 459 654 'baec
488 599 624 654 Psradoxe
653 601 853 672 conscripsisse,
886 613 914 656 ut
941 613 1104 675 acceperunt
1133 604 1257 658 nonnulli

203 688 369 759 interpretes.
405 688 513 740 Dicitur
529 687 602 740 enim
620 688 712 739 ludere
738 689 773 741 de
796 689 982 744 exercitatione
1005 710 1158 758 armerum,
1187 712 1209 745 v.
1234 712 1257 748 o.

203 777 231 828 in
256 791 353 844 campo
380 774 493 841 Martio,
518 775 589 846 apud
615 773 672 829 Cic.
696 774 730 827 de
758 774 817 829 Off.
835 776 856 843 l,
874 780 918 832 29.
943 789 969 831 et
995 778 1135 832 Horatium
1163 780 1196 833 de
1223 780 1256 833 Α.

202 863 232 915 Ρ.
257 865 324 917 319ε
352 863 444 914 ludere
477 864 524 933 qui
550 864 650 928 nescit,
682 864 873 942 rumpentibus
902 864 1020 917 obstinet
1050 868 1156 921 ormis‘
1188 866 1258 923 Hinc

202 953 286 1003 ludus
311 951 392 1004 etiam
416 950 515 1003 dieitur
542 949 630 1004 sobole
661 948 850 1018 Grammatici,
882 951 1020 1019 Rhetoris,
1053 954 1117 1007 item
1146 952 1257 1009 Gladia-

203 1047 292 1092 torum
317 1050 344 1092 et
361 1038 503 1091 Palaestra.
535 1039 655 1090 conieci:
674 1036 719 1091 bic
736 1038 888 1109 exquisitius
906 1039 1003 1095 dicitur
1027 1060 1077 1112 pro
1102 1043 1256 1114 conscripsi,

202 1126 337 1180 distribui:
368 1126 406 1179 sic
437 1145 488 1197 pro
513 1126 684 1180 conscribere
712 1126 815 1179 dicitur
838 1128 963 1181 conticere
987 1129 1016 1180 in
1040 1128 1173 1183 chartam:
1200 1136 1256 1183 Lo—

201 1235 248 1268 cus
266 1225 355 1267 autem
372 1225 411 1267 est
435 1233 512 1286 pers,
537 1225 631 1287 caputp
651 1226 825 1286 praeceptum
850 1216 961 1271 alicuius
988 1218 1134 1272 doctrinae.
1179 1219 1256 1273 Dici-

201 1303 291 1356 turin
310 1301 450 1355 disiectica
475 1312 501 1356 et
518 1300 649 1356 rhetorica
674 1303 826 1375 argumenti
851 1305 941 1372 sedes,
969 1306 1041 1358 uude
1064 1305 1256 1362 demonstratio
1319 1315 1322 1320 ’

130 1378 137 1384 “
200 1389 311 1444 alicuius
328 1390 474 1446 sententiae
491 1389 606 1461 petenda
625 1401 670 1443 est.
714 1392 756 1444 De
776 1390 815 1445 his
832 1391 899 1445 locis
917 1391 1072 1446 Aristoteles
1088 1391 1192 1464 scripsit
1209 1416 1255 1445 ro-

199 1475 278 1543 mani,
297 1489 323 1533 et
341 1478 398 1531 eius
416 1477 563 1532 imitatione
581 1479 686 1533 Cicero.
723 1483 876 1539 Communes
895 1480 957 1533 dicti
975 1491 1045 1546 sunt,
1065 1480 1128 1551 quia
1146 1481 1255 1534 unirer-

197 1565 264 1618 sales
283 1577 309 1619 et
326 1564 415 1619 multis
435 1566 520 1620 causis
538 1567 790 1638 quaestionibusque
809 1583 966 1621 communes
984 1579 1053 1633 sunt,
1076 1589 1097 1621 v.
1116 1587 1140 1623 c.
1159 1570 1192 1622 de
1210 1589 1255 1623 re‘-

197 1653 310 1726 ligione,
329 1655 362 1707 de
379 1672 470 1707 amore
488 1656 598 1723 patriae,
620 1654 711 1725 legum
728 1654 910 1720 observantia,
929 1674 999 1725 quae
1016 1655 1044 1708 in
1063 1674 1171 1729 omnem
1191 1675 1254 1710 ora·

196 1740 298 1794 tionem
316 1742 425 1795 cedunt.
472 1740 528 1795 Cic.
545 1742 573 1794 in
594 1740 670 1794 Orat.
689 1743 732 1794 36.
755 1740 791 1793 ita
810 1759 856 1793 eos
875 1742 1009 1795 describit:
1036 1742 1088 1794 luci
1106 1763 1253 1796 communes

196 1831 329 1899 appellati
346 1841 428 1894 sunt,
446 1831 518 1901 quod
535 1828 828 1881 uidenturmultarum
852 1828 931 1880 iidem
950 1847 1007 1882 esse
1026 1847 1180 1882 cousurunr.
1210 1829 1252 1883 Cf.

197 1916 232 1971 id.
250 1917 284 1970 de
302 1917 402 1969 lnvent.
419 1917 452 1983 Il,
472 1919 520 1969 15:
541 1916 586 1983 [ad
605 1936 685 1987 quem
704 1916 796 1968 locum
815 1914 865 1969 vid.
884 1928 976 1970 annot.
992 1928 1074 1970 nostr.
1086 1917 1115 1972 iu
1133 1918 1252 1974 versione

196 2023 291 2057 eorum
311 2004 442 2057 librorum
460 2005 628 2075 germanica:
649 2003 747 2074 stuttg.
766 2007 846 2059 1831.
863 2005 993 2075 peston]
1029 2004 1102 2059 llaec
1124 2025 1189 2077 ergo
1206 2026 1251 2059 ar·

195 2102 339 2162 gumenta‚
360 2110 429 2163 quae
447 2092 588 2148 transferri
607 2092 641 2145 in·
654 2091 751 2144 multas
769 2110 861 2145 causes
879 2102 1005 2163 possunt,
1024 2102 1096 2146 recte
1113 2093 1165 2146 loci
1182 2113 1251 2148 cem-

195 2179 287 2233 munlrs
312 2180 490 2251 appellentur.
547 2179 636 2250 Ergo,
661 2178 736 2249 quod
761 2178 810 2231 ait:
844 2180 942 2230 conieci
968 2180 1034 2230 boec
1055 2180 1198 2247 paradoxa
1222 2182 1251 2233 in

195 2286 343 2320 communes
362 2269 449 2333 locos,
465 2268 536 2320 idem
556 2278 608 2332 est,
634 2267 705 2320 acsi
725 2265 842 2321 dixisset:
868 2266 948 2319 retuli
974 2266 1040 2319 baec
1065 2267 1196 2336 paradoxa
1222 2270 1250 2323 in

193 2354 267 2410 locos
287 2371 452 2421 communes,
471 2355 560 2426 prouti
578 2354 698 2408 rhetores
714 2355 779 2408 item
797 2356 988 2410 sententiarum
1002 2364 1158 2423 argumenta
1174 2373 1250 2408 com-

193 2444 319 2497 munibus
336 2442 401 2497 loeis
419 2442 561 2515 complecti
575 2442 688 2497 solent.“
706 2443 812 2514 Wytt.
848 2442 894 2496 Ao
905 2441 1062 2495 sententiam
1072 2442 1144 2495 verbi
1159 2442 1250 2496 ludere

193 2549 215 2584 v.
233 2530 290 2585 Cis.
317 2533 351 2585 de
373 2531 424 2585 Or.
443 2532 476 2598 ll,
495 2537 539 2599 20,
557 2535 608 2586 84:
631 2533 685 2583 sect
701 2533 829 2596 videant,
855 2531 922 2603 quid
944 2530 1042 2582 uelint:
1070 2530 1108 2580 od
1131 2529 1249 2583 luden-

195 2618 325 2677 dumne,
342 2637 381 2670 un
395 2619 434 2669 ud
446 2620 626 2690 pugnandum
638 2637 716 2670 orma
734 2621 790 2672 sint
808 2617 958 2687 sumpturi:
977 2616 1056 2673 aliud
1069 2615 1138 2669 enim
1153 2634 1249 2688 pugno

193 2714 220 2754 et
238 2705 321 2769 ories,
340 2706 419 2757 eliud
436 2706 542 2758 ludus
560 2710 722 2778 scorpiusque
744 2717 835 2760 noster
853 2707 1004 2759 desiderat:
1025 2700 1072 2757 rel.
1118 2704 1161 2756 De
1184 2705 1249 2758 loris

193 2792 371 2844 communibus
395 2793 453 2846 vide
478 2792 627 2864 Aphthonii
656 2793 805 2865 Progymn.
832 2813 855 2847 c.
873 2799 899 2847 t.
917 2813 943 2864 p.
955 2795 1007 2846 158
1025 2812 1084 2862 sqq.
1101 2791 1152 2843 ed.
1177 2792 1247 2863 Lips.

191 2883 277 2939 otte:
296 2876 472 2951 Hermogenis
484 2881 633 2952 Progymn.
643 2900 666 2934 c.
675 2886 699 2936 6.
713 2900 740 2953 p.
752 2883 788 2934 24
796 2901 855 2953 sqq.
873 2881 914 2935 ed.
927 2882 1139 2949 Veesenmeyer3
1157 2878 1248 2932 Theo-

191 2967 232 3020 nis
249 2968 397 3039 Progymn.
415 2987 438 3021 c.
450 2971 476 3020 t.
486 2985 512 3038 p.
519 2970 553 3022 95
561 2987 621 3039 sqq.
630 2967 672 3021 ed.
681 2965 792 3021 Finclrb.
804 2988 830 3039 p.
839 2970 872 3022 93
880 2987 938 3039 sqq.
950 2967 992 3019 ed.
1003 2966 1075 3019 Dan.
1083 2963 1173 3019 Heius.
1189 2963 1247 3016 Mr-

261 3057 337 3124 (luoe
356 3055 421 3126 quio
440 3055 517 3122 sunt]
535 3052 605 3108 Cod.
618 3053 712 3108 Grn2.
749 3057 969 3126 Quaecunque
986 3064 1068 3106 sunt:
1088 3051 1161 3107 unde
1179 3071 1247 3104 con·

189 3139 277 3207 iiciss,
298 3141 378 3194 fuisse
396 3141 424 3195 in
442 3140 525 3207 libro,
546 3161 626 3213 quem
644 3141 809 3195 describeret
825 3141 949 3195 librarius
965 3141 1087 3211 ineptus,
1115 3158 1247 3209 compen·

191 3226 234 3280 dio
244 3227 373 3298 scriptum
385 3247 454 3299 quoe
464 3230 626 3300 quoniam
637 3238 711 3292 eunt,
724 3229 797 3298 quod
806 3229 840 3281 ab
852 3248 884 3282 eo
894 3246 1036 3298 perperam
1047 3228 1080 3281 sit
1091 3226 1199 3281 lectum.
1210 3255 1244 3264 -

190 3316 265 3369 Voce
284 3316 456 3369 admirabilia
474 3315 554 3387 plane
574 3315 613 3370 sic
632 3335 695 3369 usus
714 3326 752 3369 est
779 3314 837 3369 cie.
861 3314 894 3368 de
919 3314 998 3367 Finn.
1017 3314 1064 3380 1V,
1083 3316 1130 3366 27:
1167 3316 1244 3364 Haec

187 3398 326 3472 παράδοξα
342 3403 399 3467 illi,
416 3418 464 3455 nos
482 3402 656 3455 adnurubiliu
673 3403 803 3457 dicamus.
821 3401 882 3456 Mr.
1072 3406 1074 3410 '

258 3489 585 3557 opinionem-omnium]
610 3489 797 3556 „Duodecim‚
822 3491 986 3542 bominum.“
1023 3487 1096 3543 Ald.
1113 3487 1243 3543 Manut-

187 3572 252 3629 Oxx.
270 3575 301 3628 E.
321 3576 341 3628 Ι.
358 3574 393 3629 U.
410 3594 438 3640 ψ.
457 3577 521 3631 item
539 3578 674 3628 bominum
692 3596 756 3631 curn
775 3576 834 3630 Cre.
855 3579 879 3630 1.
898 3582 923 3630 2.
940 3576 1022 3629 Drsd.
1041 3582 1067 3629 2.
1093 3574 1123 3629 ln
1143 3573 1193 3627 Ox.
1210 3574 1242 3629 N.

188 3672 226 3715 est
243 3663 389 3732 opinionem
405 3665 591 3736 uulgarem
609 3665 739 3730 omnium,
767 3665 852 3735 glossa
871 3666 898 3717 in
926 3663 1054 3718 orationis
1077 3663 1172 3717 seriem
1194 3682 1243 3722 ,re-

186 3761 271 3822 cepta.
307 3753 338 3804 ln
356 3751 474 3805 osset.
492 3756 519 3806 5.
538 3762 576 3806 est
595 3763 742 3823 contraque
756 3754 891 3806 bominum
902 3754 1047 3824 opinionem
1056 3771 1066 3811 ‚·
1086 3751 1114 3804 in
1128 3750 1208 3804 Drsd.
1217 3753 1242 3806 1.

184 3849 211 3890 et
229 3849 325 3892 contro
343 3858 384 3908 op.
403 3858 471 3914 omn.
489 3839 608 3911 itemque
626 3839 655 3892 in
674 3839 745 3894 Gud.
756 3841 807 3906 A.;
825 3840 941 3912 denique
959 3840 988 3893 in
1005 3838 1085 3892 Drsd.
1098 3841 1122 3891 3.
1141 3848 1168 3888 et
1179 3856 1243 3889 oon-

184 3935 229 3978 tra
247 3945 315 3980 omn.
333 3945 375 3995 op.
393 3922 452 3979 Mr.
752 3916 754 3918 V

254 4012 289 4063 ab
306 4013 372 4082 ipsis
390 4014 484 4080 etium]
504 4012 637 4067 Scribitur
661 4014 693 4067 in·
714 4012 802 4067 Codd.
820 4013 914 4067 Duisb.
931 4024 965 4065 et
991 4011 1026 4065 ob
1044 4011 1115 4080 'iptio
1137 4009 1238 4070 estam,

183 4098 256 4169 quod
276 4099 398 4169 placebat
415 4101 445 4153 in
463 4100 590 4155 addendis
609 4100 786 4168 (isembardo,
806 4103 852 4173 qui
871 4101 1063 4173 obsequentem
1082 4094 1173 4151 babuit
1190 4109 1240 4143 ne·

181 4184 291 4238 minem.
330 4188 360 4239 ln
379 4183 447 4240 Cod.
463 4186 543 4242 Drsd.
561 4192 587 4242 5.
604 4200 641 4242 est
659 4190 693 4240 ab
712 4189 767 4242 tis
784 4189 850 4258 ipsis
868 4189 958 4252 etiam,
974 4186 1002 4239 in
1020 4184 1100 4237 Bern.
1122 4179 1156 4231 ub
1172 4175 1239 4252 ipsis

930 4291 952 4361 2
