3059 4925
233 457 373 531 ’174
513 467 517 475 “
631 480 803 528 rsnsooxs
831 479 1025 527 sroroouuu.

298 643 366 698 Cod.
380 643 495 695 Drsdd.
513 641 586 695 addit
603 650 638 693 et.
675 640 801 693 Ceterum
820 639 840 692 si
860 639 903 692 cui
923 640 991 692 forte
1004 638 1070 709 soro
1089 639 1199 710 placeat,
1218 641 1241 692 is
1258 639 1347 706 babet,

297 733 353 802 qud
371 730 397 783 id
416 730 601 795 commendet,
628 727 679 781 Or.
705 746 754 798 pro
774 727 840 780 Sest.
858 729 902 792 35,
920 731 954 781 15
974 747 1013 798 sq.
1038 728 1084 780 ubi
1103 740 1155 782 est:
1187 731 1276 798 Quum
1288 731 1346 800 so-

295 838 367 871 rum
385 848 418 860 -
439 819 526 869 multa
544 817 576 868 de
593 827 670 869 nocte
695 817 810 867 armatis
836 814 985 866 hominibus
1001 842 1037 855 -·
1055 817 1271 886 occupavissent,
1296 818 1346 867 im-

294 916 387 975 petum
404 906 520 977 faciunt
548 905 577 956 in
601 902 753 955 Fabricium
779 902 941 974 [principem
969 903 1115 974 rogationis
1152 903 1186 955 de
1214 904 1345 957 Cicerone

296 992 461 1048 restituendo
478 1004 505 1045 et
523 992 684 1059 revocando]
702 1011 799 1043 munus
816 991 940 1059 offirunt
955 1019 999 1047 -‚
1020 992 1166 1043 venientem
1183 991 1212 1043 in
1226 991 1345 1060 sorum

295 1081 383 1132 virum
401 1079 545 1148 optimum,
566 1083 606 1134 M.
624 1078 756 1148 Cispium,
774 1078 802 1128 oi
819 1077 1021 1146 depellunt5
1041 1079 1110 1130 etin
1128 1078 1219 1133 Pison.
1239 1084 1282 1149 11),
1301 1088 1343 1139 23.

294 1168 346 1221 sic:
364 1186 446 1238 quum
468 1166 520 1218 oiri
538 1165 598 1218 boni
617 1194 647 1206 -
670 1185 684 1216 e
699 1166 765 1237 foro
782 1165 953 1234 pellerentur.
989 1165 1047 1218 Mr.
1200 1227 1204 1235 .

361 1253 441 1323 ferro
455 1254 544 1323 pulsis
562 1253 781 1324 magistratibus]
801 1251 950 1306 Commode
968 1252 1021 1307 huc
1046 1253 1124 1319 facit,
1154 1257 1227 1327 quod
1252 1270 1291 1311 est
1316 1260 1342 1311 io

295 1330 372 1394 Orat.
390 1352 449 1411 post
466 1340 531 1394 Red.
551 1341 584 1394 ad
604 1340 680 1409 Quir.
701 1343 726 1407 6,
746 1344 794 1394 14:
812 1344 872 1412 Ego
889 1351 995 1405 autem,
1019 1342 1048 1393 in
1076 1362 1131 1414 qua
1151 1344 1261 1396 civitate
1275 1347 1346 1397 nihil

296 1428 399 1481 voleret
416 1439 543 1494 senatus,
562 1430 646 1481 omnis
664 1439 735 1480 esset
755 1430 918 1498 impunitas,
936 1430 1014 1482 nulla
1032 1430 1149 1495 iudicia,
1174 1432 1215 1485 vis
1238 1443 1265 1484 et
1278 1435 1343 1504 ser-

297 1536 355 1569 rum
374 1516 402 1568 in
416 1517 483 1588 foro
501 1527 688 1570 versarentur:
722 1536 781 1568 cum
795 1517 901 1587 privati
918 1536 946 1570 se
962 1517 1099 1587 parietum
1116 1521 1264 1589 praesidio,
1291 1541 1343 1573 non

295 1606 396 1677 legum,
414 1615 570 1658 tuerentur:
589 1604 692 1657 tribuni
706 1603 807 1673 plebis,
825 1604 898 1657 uobis
916 1605 1142 1674 inspectantibus,
1170 1607 1343 1660 vulneraren-

295 1705 357 1759 tur,
376 1693 414 1744 ad
430 1694 641 1764 magistratuum
660 1692 748 1744 domcu
767 1710 828 1743 cum
840 1692 919 1762 ferro
937 1703 964 1742 et
978 1692 1092 1762 facibus
1117 1695 1217 1758 iretur,
1248 1713 1343 1746 consu-

295 1782 329 1835 lis
341 1782 437 1853 fasces
450 1781 663 1852 frangerentur,
683 1781 788 1830 deorum
806 1779 997 1831 immortalium
1015 1780 1114 1849 templa
1132 1781 1342 1847 incenderentur,

294 1889 347 1921 rem
364 1869 498 1939 publicam
515 1887 573 1920 esse
590 1867 695 1921 nullom
711 1867 820 1935 putavi.
860 1869 961 1937 Itaque
979 1884 1026 1918 nec
1045 1885 1074 1918 re
1090 1867 1199 1936 publico
1217 1868 1344 1919 extermi-

294 1966 362 2008 nata
380 1956 445 2007 nribi
462 1956 549 2007 locum
566 1954 594 2006 in
614 1956 666 2005 boe
685 1954 748 2005 urbe
765 1973 822 2005 esse
841 1954 915 2006 duxi.
950 1954 1011 2007 Non
1030 1973 1131 2020 vereor,
1151 1973 1185 2006 ne
1203 1955 1263 2025 quis
1278 1955 1341 2007 mibi

295 2036 415 2106 obiiciat,
439 2042 518 2096 huius
544 2041 688 2106 orationis,
712 2061 782 2113 quae
807 2062 821 2095 a
846 2042 966 2110 Wolfio,
994 2063 1101 2097 summo
1127 2042 1198 2108 viro,
1232 2041 1343 2115 aliisque

293 2131 354 2182 viris
371 2129 457 2184 doctis
474 2131 501 2182 iu
519 2129 615 2200 spuriis
632 2129 721 2182 habita
740 2141 779 2183 est
796 2141 832 2183 et.
843 2130 923 2183 hodie
941 2150 956 2183 a
975 2131 1109 2203 plerisque
1127 2130 1254 2198 babetur,
1281 2131 1344 2185 nul-

292 2217 347 2270 lam
367 2237 422 2270 esse
440 2216 632 2270 auctoritatem.
668 2217 736 2270 Nam
754 2218 856 2271 etiamsi
875 2217 913 2271 vei
933 2219 1045 2272 maxime
1063 2218 1237 2291 essetspuria,
1256 2219 1342 2289 ipsum

293 2306 421 2359 orationis
438 2315 627 2376 argumentum
648 2305 759 2358 minime
784 2305 934 2360 destituitur
958 2318 984 2361 et
1003 2307 1109 2361 veritate
1133 2306 1341 2364 etouctoritate.

293 2391 346 2446 Sed
365 2411 452 2465 neque
471 2392 514 2446 itta
534 2392 566 2445 de
584 2398 675 2461 νοθείᾳ
693 2393 808 2462 suspicio
827 2393 862 2446 ita
881 2405 953 2447 certa
972 2405 1018 2460 est,
1036 2406 1066 2449 ut
1084 2394 1276 2450 dubitationem
1295 2393 1341 2447 ad-

294 2481 398 2536 mittere
417 2500 471 2536 non
487 2482 613 2550 rideatur.
657 2481 718 2550 Qua
745 2484 778 2536 de
805 2502 834 2535 re
858 2483 916 2536 vide
935 2484 954 2536 1.
971 2488 1004 2536 Α.
1022 2483 1156 2537 Savelii
1176 2484 1342 2555 Disputatio-

294 2589 356 2622 nem
375 2569 409 2622 de
434 2570 598 2624 vindicandis
615 2569 754 2624 Ciceronis
785 2573 905 2643 quinque
930 2571 1106 2626 Orationibus
1128 2573 1201 2642 (post
1230 2574 1285 2624 red.
1314 2573 1342 2625 in

294 2655 370 2719 Sem,
399 2655 431 2708 ad
451 2656 530 2723 Quir.
550 2671 609 2728 post
627 2658 697 2724 red,
725 2679 776 2730 pro
795 2660 884 2713 Domo
903 2680 949 2713 sua
977 2659 1010 2712 ad
1030 2658 1140 2731 pontis.;
1171 2659 1204 2712 de
1228 2658 1340 2730 Harusp.

293 2762 378 2813 resp.;
397 2763 446 2814 pro
465 2743 603 2798 Marcello.
621 2744 717 2798 Colon.
735 2747 801 2817 Agr.
813 2746 911 2815 18282)
929 2747 1102 2818 eiusdemque
1117 2746 1252 2799 Editiones
1269 2744 1342 2797 Ora—

294 2830 398 2884 tiouum
417 2842 476 2902 post
494 2831 560 2884 Red.
579 2832 607 2884 in
626 2832 690 2886 Seu.
701 2846 727 2887 et
744 2854 795 2906 pro
814 2834 905 2888 Domo
916 2837 994 2889 1831).
1012 2843 1039 2887 et
1053 2839 1132 2890 1834.
1149 2833 1247 2905 quibus
1265 2832 1342 2900 adde,

293 2935 362 2987 quae
393 2918 497 2989 scripsit
514 2918 565 2972 Tb.
593 2921 702 2975 Lucas
728 2922 757 2973 in
787 2922 887 2993 prolus.
917 2922 1039 2976 scholast.
1066 2920 1235 2991 Hirschberg.
1262 2924 1342 2977 1881.

294 3003 565 3070 Quaestiuncuiarum
584 3007 771 3062 Tullianarum
789 3010 934 3080 specimen.
952 3014 979 3064 4.
1016 3009 1073 3064 ΜΓ.

363 3104 475 3145 senatus
494 3113 586 3146 nomen
603 3097 632 3147 in
650 3096 805 3165 republica
823 3118 887 3150 non
903 3099 985 3165 erat]
1028 3098 1114 3163 „Nam
1134 3099 1278 3152 auctoritas
1295 3098 1342 3150 de·

292 3191 374 3233 tracta
393 3191 450 3235 erat
467 3180 577 3235 Senatui
607 3183 750 3236 atribuno
774 3196 801 3238 et
827 3184 997 3239 Consulibus.
1039 3184 1114 3252 Quin
1141 3184 1220 3238 etiam
1241 3183 1341 3237 Consul

292 3267 424 3322 Gabinius
442 3270 469 3322 in
489 3271 621 3324 concione
640 3272 740 3327 dixerat
758 3293 849 3327 errare
865 3273 999 3340 homines,
1031 3273 1150 3326 sietiam
1178 3283 1233 3326 tum
1256 3272 1340 3325 Sena-

295 3370 351 3412 tum
369 3358 469 3429 aiiquid
489 3359 516 3412 in
536 3360 684 3430 republica
704 3381 780 3432 posse
795 3364 1015 3434 arbitrarentur.“
1034 3361 1057 3413 F
1064 3380 1106 3415 rc.
1124 3361 1213 3432 Sylv.
1248 3358 1342 3413 ln'bac

293 3447 399 3517 quidem
425 3447 477 3500 loci
504 3448 679 3518 explicatione
705 3450 912 3520 acquiescebant
937 3461 963 3502 et
988 3449 1147 3520 interpretes
1170 3459 1196 3501 et
1221 3447 1341 3514 lectores,

291 3534 446 3606 praesertim
466 3553 528 3588 cum
548 3536 606 3588 libri
626 3537 690 3590 nibil
709 3538 765 3590 fere
784 3539 924 3592 variarent.
968 3536 1061 3608 Neque
1081 3536 1199 3589 nuncin
1218 3545 1288 3588 tanta
1308 3534 1342 3585 ti-

293 3623 404 3675 bcorum
424 3622 603 3690 multitudine,
623 3626 668 3695 qui
687 3626 720 3678 ad
740 3644 836 3678 manus
854 3637 925 3691 sunt,
944 3624 1091 3696 quidquam
1109 3621 1249 3687 varietatis,
1268 3621 1340 3692 quod

293 3717 390 3779 operae
409 3710 523 3781 pretium
543 3712 674 3778 videatur,
694 3713 843 3766 notandum
861 3724 915 3778 est,
938 3712 988 3765 nisi
1007 3711 1079 3783 quod
1097 3711 1178 3765 Drsd.
1196 3714 1222 3764 5.
1249 3709 1341 3764 babet:

294 3809 408 3852 senatus
422 3801 451 3851 iu
470 3821 497 3853 re
514 3800 639 3870 publico:
666 3819 743 3852 num
761 3811 822 3853 erat
836 3802 1002 3870 praedonum
1020 3801 1066 3852 ille
1085 3817 1229 3853 concursus
1246 3808 1284 3861 et,
1314 3808 1341 3847 te

293 3886 373 3951 duee,
392 3888 563 3946 latrocinium
583 3889 612 3939 in
625 3889 690 3958 soro
712 3890 798 3941 cond
805 3899 929 3945 uotum.
976 3888 1030 3942 Sed
1056 3887 1158 3959 primus
1181 3894 1286 3938 exortus
1303 3896 1342 3938 est

292 3973 435 4042 Graevius,
470 3974 515 4047 qui
546 3994 607 4028 cum
636 3976 664 4027 in
697 3996 742 4029 sua
768 3977 884 4032 editione
909 3978 1080 4031 annotatione
1106 3972 1195 4044 paullo
1219 3970 1341 4041 longiore

292 4060 433 4117 lectionem
452 4061 584 4134 vulgatam
603 4065 697 4134 (quam
715 4068 825 4120 servavit
842 4079 931 4121 tamen
948 4066 976 4119 in
996 4060 1134 4130 contextis)
1153 4060 1342 4131 impugnasset,

293 4148 397 4220 piures,
416 4160 446 4203 ut
463 4148 506 4213 fit,
524 4149 614 4201 babuit
633 4161 789 4218 sectatores,
817 4155 865 4224 qui
892 4172 947 4205 non
972 4151 1085 4205 eandem
1104 4150 1228 4222 quidem,
1260 4168 1341 4220 quam

292 4236 348 4305 ipse
366 4236 499 4306 voluerat,
519 4236 648 4290 medelam
668 4235 824 4294 adhiberent
842 4241 911 4309 loco,
929 4239 975 4294 sed
994 4240 1022 4293 in
1041 4259 1074 4293 eo
1089 4224 1271 4293 consentirent
1286 4237 1341 4290 iere

1509 628 1515 664 t
