3059 4925
418 471 421 478 .
496 434 690 482 rsatuuxua
715 437 737 481 ι.
775 436 842 482 cir.
864 438 899 485 u.
1173 420 1222 490 65
1254 443 1263 456 ·

176 596 306 648 corurat‘
324 595 355 646 P.
373 593 565 646 Victorius.
603 591 652 655 „ln
674 591 791 662 quodam
810 592 881 646 libro
899 594 1043 647 delicatas:
1073 598 1143 651 unde
1163 600 1225 670 qui·

176 682 234 734 dam
259 681 388 733 Deliacos
418 681 497 733 fuisse
529 681 658 750 scriptum
685 679 897 746 arbitrabantur,
927 682 1075 737 uniusmodi
1101 703 1223 744 rasorum

174 770 275 822 mentio
295 775 333 822 sat
356 785 407 839 pro
423 767 510 821 Sestio
530 778 556 820 et
573 768 602 820 in
621 768 698 820 Verr.
742 767 797 820 sed
823 769 851 821 in
877 770 998 840 pluribus
1017 772 1152 840 felicatas
1177 787 1222 840 est,

177 873 289 925 quarum
307 856 430 909 meminit
444 853 505 909 Sea.
524 856 681 925 Pompeius:
706 871 721 908 a
741 857 818 924 filies
834 856 933 923 herba,
959 877 1028 928 quae
1054 859 1086 912 st¹
1099 861 1173 929 felix
1197 876 1223 915 rt

171 943 288 1014 felicula
305 941 432 996 Catoni.“
450 942 527 996 Car.
544 942 707 1013 bangius.
743 944 915 1008 „Dslicctas‚
939 944 965 997 id
985 956 1023 998 ast
1046 964 1153 1013 aureas,
1178 966 1223 999 ar·

89 1081 92 1086 ,
175 1042 298 1098 gentem,
316 1029 482 1094 murrbiaas,
500 1040 550 1084 aut
566 1030 738 1099 crystallinas.
780 1030 913 1084 Delicatus
937 1032 1100 1103 templorum
1118 1046 1222 1103 pateras

175 1119 305 1169 insumens
321 1117 442 1183 Persius,
462 1119 567 1182 Dicite,
591 1116 693 1189 iuquit,
718 1118 879 1186 Pastifhes,
895 1119 928 1170 in
943 1120 1049 1188 templis
1068 1121 1134 1189 quid
1144 1121 1222 1190 facit

174 1204 293 1256 aarum?
327 1205 423 1258 Patere
438 1204 501 1277 quid
520 1205 567 1271 sit,
584 1204 624 1272 M.
643 1205 732 1258 Varro
750 1204 862 1276 explicat
884 1204 937 1258 illis
950 1201 1039 1259 ‘verbis
1056 1205 1125 1259 libro
1139 1207 1173 1260 ds
1191 1208 1222 1260 L,

174 1292 229 1345 Lat.
248 1292 350 1363 prima:
369 1295 403 1343 In
421 1294 526 1361 poculis
542 1304 621 1345 erant
634 1303 765 1363 paterae:
784 1312 827 1356 eo,
846 1294 918 1364 quod
932 1303 1062 1362 pateant,
1080 1294 1165 1345 latine
1178 1295 1222 1346 ita

175 1379 269 1429 dictae.
305 1380 389 1431 Hisce
407 1380 490 1430 stiam
506 1397 578 1431 nunc
594 1381 624 1431 irs
639 1380 748 1449 publico
771 1381 890 1433 convivio
907 1381 1085 1451 antiquitatis
1101 1383 1222 1434 retinen-

177 1465 225 1515 das
242 1483 342 1532 causa,
365 1483 425 1518 cum
445 1467 571 1537 magistri
582 1466 674 1534 fiunt,
699 1467 775 1535 potio
791 1468 996 1537 circumfertur:
1022 1478 1049 1517 ct
1067 1468 1097 1519 irs
1113 1470 1224 1536 sucrifi-

176 1553 260 1604 carsclo
278 1554 330 1605 diis
346 1554 397 1605 troc
414 1554 511 1621 poculo
526 1554 706 1623 magistratus
725 1553 775 1603 (lat
794 1554 841 1605 deo
858 1556 957 1607 vinum.
995 1553 1067 1607 llaec
1083 1554 1149 1607 illes
1164 1554 1222 1607 Ser.

175 1640 321 1711 Pompeius
337 1640 429 1694 itidem
447 1639 592 1710 siguificat,
612 1640 747 1693 Romanos
764 1639 803 1693 uti
822 1650 912 1710 patera
926 1641 956 1692 in
973 1640 1107 1694 saerilidis
1123 1640 1223 1705 solitos,

176 1729 317 1790 Poteram,
344 1727 446 1799 inquit,
470 1728 609 1796 perpluere
630 1728 659 1779 iss
677 1728 762 1779 sacris
781 1745 841 1778 cum
857 1727 974 1783 dicitur,
997 1726 1136 1795 significat
1162 1745 1224 1795 per·

174 1813 263 1880 pluere
282 1823 334 1864 asst
355 1819 595 1882 mitescereret
614 1813 853 1885 FrcSylsius.
898 1814 994 1867 Veneti
1013 1814 1062 1867 ita:
1079 1814 1154 1883 Quid
1170 1832 1222 1865 au-

177 1910 229 1953 tem
248 1921 265 1953 a
285 1904 376 1953 Numa
393 1902 545 1970 Pompilio?
570 1902 691 1953 minusne
712 1912 810 1972 gratas
832 1902 887 1953 'diis
904 1899 1099 1952 immortalibus
1116 1901 1224 1968 capedi-

177 2006 221 2041 nes
237 2007 272 2040 aa
282 1989 389 2057 fictiles
412 1990 528 2041 urnulas
547 1989 653 2059 fuisse,
681 2003 762 2059 quam
782 1988 852 2057 fili
858 1999 959 2039 ratas
983 1988 1095 2040 aliorum
1111 1998 1224 2056 pateras

177 2073 361 2127 arbitramur?
397 2074 476 2143 Quae
501 2075 581 2128 nobis
607 2074 686 2128 lectio
705 2075 850 2128 admodum
877 2077 1021 2145 probatur:
1040 2093 1103 2128 nam
1121 2087 1147 2130 ct
1163 2076 1224 2130 Ser,
1329 2111 1336 2118 x

176 2162 319 2233 Pompeiam
327 2163 467 2231 filiculam
485 2174 604 2234 pateram
622 2163 685 2215 dim
705 2181 759 2216 essa
778 2175 827 2217 cet.
873 2164 974 2230 Quales
998 2175 1024 2216 et
1043 2181 1116 2216 nunc
1135 2164 1224 2216 caela-

177 2260 247 2301 turas
267 2249 328 2302 licet
346 2269 465 2315 cernere,
484 2247 557 2320 quasi
578 2248 744 2301 tenuioribus
761 2260 790 2302 et
806 2251 911 2303 serratis
927 2251 1006 2316 soliis,
1025 2253 1091 2303 serie
1109 2253 1224 2322 quedam

176 2336 209 2387 da
220 2335 354 2390 cauliculo
369 2338 580 2403 excurrentibus,
597 2348 624 2389 ct
641 2337 715 2390 labra
733 2337 885 2408 fundosque
906 2336 1065 2408 poculorum
1083 2335 1225 2391 includen-

176 2422 252 2476 tibus.
270 2445 272 2450 ·
288 2421 342 2477 Sed
363 2422 765 2478 tocuvtcrortusanuourit‘*
781 2425 831 2478 Jo.
850 2422 1081 2477 Camerarius
1125 2423 1224 2494 „Apud

175 2511 346 2564 Plutarchum
373 2512 493 2565 Antonio
525 2530 621 2565 aureae
645 2514 674 2582 (i.
697 2532 720 2566 a.
745 2514 891 2581 delicatae)
918 2523 1023 2583 paterae
1054 2511 1145 2581 probri
1164 2511 1225 2569 luco

176 2599 344 2653 obiiciuntur.
398 2597 524 2652 Ceterum
555 2599 724 2653 Camerarius
752 2610 780 2652 et
806 2599 956 2664 Victorius,
986 2608 1099 2651 vetustas
1120 2599 1224 2669 sequuti

178 2684 312 2747 lectiones,
323 2685 460 2752 filiculae.
495 2684 725 2758 LasaruiBayiius
748 2686 840 2739 inTit.
868 2686 910 2739 De
928 2702 994 2739 auro
1012 2697 1039 2738 et
1057 2692 1167 2755 argento
1185 2684 1225 2736 le·

177 2783 245 2841 gata,
261 2790 343 2842 qaam
353 2773 537 2827 tractationem
549 2775 584 2827 de
593 2774 713 2829 Vasaulis
724 2775 865 2846 inscripsit,
879 2775 1006 2825 Deliacos
1015 2773 1068 2826 boc
1076 2772 1224 2843 locolegit:

178 2859 276 2913 etbuir
293 2859 402 2913 lectioni
418 2861 562 2930 astipulor:
588 2873 616 2915 et
632 2873 662 2915 ut
685 2862 743 2915 sius
768 2862 909 2916 lectionem
933 2860 1037 2914 facilius
1055 2876 1160 2928 sequar,
1184 2858 1225 2910 fa-

178 2946 251 3001 ciunt
275 2965 321 3012 sa,
349 2964 418 3018 quac
438 2948 528 3018 paullo
546 2960 606 3020 past
623 2947 657 3002 de
680 2949 789 3003 Deliaca
809 2948 971 3019 supellectile
994 2946 1115 3000 scribit.“
1136 2946 1158 2996 X
1165 2956 1226 3015 yst.

177 3033 286 3088 Betui.
305 3062 340 3075 -
392 3034 457 3100 „stc
484 3036 634 3105 [filicatas]
662 3039 795 3091 restitutus
820 3048 859 3090 ert
883 3036 926 3090 hic
951 3034 1026 3088 locus
1059 3032 1149 3086 multis
1173 3030 1226 3084 iam

177 3132 237 3174 ante
255 3121 334 3172 annis
348 3140 380 3174 ex
397 3122 553 3176 auctoritate
572 3124 696 3177 codicum
714 3125 900 3194 antiquorums
920 3138 1083 3193 quamquam
1101 3117 1225 3172 nonnulli

179 3205 229 3276 legi
248 3206 340 3269 voluat
358 3209 494 3262 Deliacos.
540 3208 593 3261 sed
624 3210 708 3281 pluris
733 3221 772 3262 est
794 3209 902 3272 veritas,
932 3227 1012 3277 quam
1043 3206 1225 3259 coniectura.“

178 3292 371 3347 Lambinus.
421 3294 490 3359 „ttic
508 3295 583 3349 locus
601 3295 672 3348 varie
690 3295 800 3366 legitur:
824 3294 864 3346 rel
881 3294 1027 3356 delicatas,
1046 3291 1064 3342 i.
1082 3306 1105 3343 e.
1124 3290 1223 3360 pretio·

178 3399 226 3445 sas,
245 3381 320 3451 quasi
338 3380 411 3434 lusti
428 3382 541 3436 dicatas:
561 3383 600 3435 rel
613 3383 750 3451 filicaras,
770 3380 803 3434 ad
821 3380 898 3434 tiliois
913 3379 1010 3432 herbae
1028 3377 1144 3447 speciem
1163 3386 1224 3428 aaa·

179 3466 253 3520 latas:
274 3467 315 3520 rel
331 3469 459 3520 Deliacos
477 3490 506 3522 ex
522 3490 584 3523 aere
602 3470 716 3525 Deliaco
734 3471 829 3535 laetas,
848 3469 924 3522 cuius
941 3464 1120 3537 antiquissima
1139 3460 1224 3534 gloria

179 3555 241 3621 luit,
258 3567 290 3608 ut
306 3555 343 3608 ati
359 3555 430 3609 Ptin.
448 3560 492 3622 Μ,
511 3558 555 3609 2³⁶
577 3558 659 3611 Auel.
678 3556 834 3610 Talarus.
869 3554 1018 3619 „Filicatcs
1036 3548 1147 3603 maxime
1160 3550 1226 3620 psc-

180 3641 296 3694 barsdum
314 3641 418 3694 ridetur
435 3660 451 3694 a
468 3642 539 3696 filice
556 3628 682 3710 frutice,
698 3644 774 3698 cuius
796 3644 885 3713 imago
910 3641 938 3693 in
956 3636 1060 3710 poculis
1086 3648 1112 3688 et
1130 3636 1226 3705 pateris

180 3726 274 3781 caelari
292 3726 369 3781 solita
387 3728 483 3794 luerit,
509 3741 538 3783 ut
555 3742 618 3784 sunt
635 3731 706 3801 apud
727 3729 936 3784 Demosthenem
956 3724 1046 3789 φιάλαι
1064 3726 1224 3793 tumuerim

179 3814 211 3867 de
227 3826 284 3886 qua
301 3823 393 3867 tamea
409 3830 474 3868 vara
491 3815 667 3871 Grammatici
687 3827 799 3870 certant.
842 3816 878 3869 Es
902 3814 975 3886 apud
997 3810 1138 3884 Virgilium
1165 3809 1226 3860 Ms-

178 3901 267 3956 nalcas
284 3902 381 3971 pocula
400 3902 490 3973 pouit:
1212 3916 1216 3923 ’

289 3989 414 4058 Pagina,
432 3989 569 4040 caelatum
585 3988 671 4040 moue
689 4004 755 4057 opus
774 3988 981 4052 Alcimedontis,

290 4080 380 4126 Lauta
398 4074 494 4146 quibus
514 4085 592 4127 torna
605 4074 692 4144 sacili
706 4075 884 4143 superaddita
902 4077 967 4129 vitis

290 4159 416 4226 Diffum
432 4160 530 4214 tedere
545 4162 632 4213 orsiti
646 4163 767 4231 pallente
786 4162 945 4232 corymbos.“
968 4160 999 4213 ll.
1019 4156 1095 4208 Wol
1105 4154 1122 4203 l.

975 4249 998 4315 5
