3059 4925
536 475 732 527 rautnoxou
756 477 787 524 v.
813 477 883 524 aar.
901 478 935 535 rr.
1187 450 1261 539 249

214 637 280 693 nibil
297 637 456 695 curandum.
496 635 629 693 scribitur
646 647 736 691 autum
755 635 884 689 mallatus
901 636 940 691 rel
961 636 1077 691 mutulos
1101 636 1131 688 in
1151 632 1261 691 cotici-

213 726 265 779 bus
280 724 389 796 qudem
406 725 562 796 perpaucis,
591 743 641 780 nec
659 724 692 781 iis
708 723 817 796 optimis
835 722 908 793 (Cri.
926 727 952 779 3.
978 724 1059 781 Drsd.
1079 724 1133 791 2.),
1158 724 1206 777 sed
1233 726 1261 778 iu

212 811 281 865 Eud.
300 821 358 864 vett.
376 811 499 882 plurimis
515 812 600 883 iisque
618 811 737 882 optimae
754 811 890 882 plerisque
901 820 994 865 notae:
1013 813 1169 865 vastata.
1181 814 1261 866 1514.

212 899 273 955 Par.
291 918 313 952 s.
331 918 356 952 a.
373 898 452 953 Hdlb.
471 899 532 954 Asc.
549 902 631 955 1511.
649 897 722 955 Crat.
741 898 811 955 Vict.
829 898 918 952 llerw.
937 901 1043 953 Camer.
1066 899 1160 969 Magn·
1187 898 1261 951 Mart.

212 986 298 1057 bugd.
309 987 378 1041 Rob.
388 986 480 1059 Stept.
490 986 566 1041 Boul.
579 986 682 1041 Aldinis
696 986 788 1052 tribus,
806 985 908 1040 Sturm.
917 985 991 1057 syth.
1002 985 1071 1041 And.
1083 985 1141 1038 Tal.
1152 986 1262 1038 Lambb.

212 1072 293 1128 Goth.
317 1073 399 1146 idque
423 1075 539 1145 praefert
565 1073 728 1131 Garatonius
751 1074 785 1131 ad
811 1072 867 1128 Cic.
890 1074 917 1126 in
944 1074 997 1127 Pis.
1016 1076 1059 1127 35.
1081 1093 1108 1144 p.
1124 1078 1185 1129 442.
1201 1073 1263 1127 satis
1329 1082 1331 1091 ’

212 1181 340 1233 maguum
350 1162 473 1216 locorum
483 1180 626 1217 numerum
636 1163 752 1216 afferens
760 1162 794 1217 ad
805 1161 975 1233 probandum
984 1160 1122 1219 Ciceronis
1132 1162 1262 1219 aliorum-

212 1269 266 1321 que
283 1269 377 1315 usum,
396 1269 450 1320 quo
469 1249 524 1303 duo
541 1250 713 1316 deminutira,
731 1249 899 1305 Adiectirum
919 1248 1174 1318 comsubstantiva,
1192 1250 1262 1307 iuata

213 1347 365 1406 ponuntur:
384 1334 478 1406 (quale
495 1346 535 1390 est
553 1335 619 1392 illud
638 1336 721 1393 Acad.
741 1341 765 1400 5,
784 1340 830 1391 44.
847 1337 974 1391 aureolus
993 1336 1112 1401 libellas,
1130 1336 1163 1390 de
1180 1336 1213 1391 N.
1227 1336 1261 1391 D.

211 1425 238 1488 3,
257 1425 300 1478 li.
319 1424 433 1477 aureola
452 1425 626 1477 oratiuncula
635 1444 646 1485 ‚·
669 1424 730 1481 add.
750 1424 840 1479 Daris.
858 1424 892 1481 ad
909 1423 978 1479 tlin.
996 1424 1029 1481 (le
1049 1423 1124 1481 Bello
1139 1424 1198 1481 Alr.
1217 1429 1261 1480 24.

212 1528 237 1578 ρ.
258 1512 320 1564 533.
339 1509 381 1563 ed.
408 1511 578 1581 cantabrig.;
606 1509 784 1584 Oudendorp.
809 1513 842 1569 ad
861 1512 944 1568 eund.
962 1512 1016 1567 loc
1038 1531 1066 1583 p·
1083 1516 1135 1567 8³2
1155 1531 1195 1582 sq.
1220 1514 1261 1569 ed.

211 1597 296 1667 bugd.
320 1596 378 1651 Bac
405 1595 462 1650 Cic.
487 1597 584 1652 Tusce.
600 1597 646 1663 lli,
666 1602 691 1652 1.
718 1600 850 1669 parvulos
865 1629 899 1639 -
918 1601 1079 1670 igniculum)
1103 1601 1262 1672 praesertim

211 1684 291 1741 etiam
309 1686 336 1737 in
350 1695 508 1755 contemptu
526 1674 738 1755 significandam
751 1686 884 1739 irrisione.
921 1686 1031 1743 Accedit
1049 1686 1136 1749 etiam,
1154 1698 1183 1740 ut
1201 1687 1263 1763 legi,

212 1773 301 1827 nascio
311 1792 366 1845 quo
377 1772 450 1838 loco,
463 1783 572 1827 moneat
581 1772 701 1838 lacobus,
711 1772 825 1827 Scholae
833 1774 969 1827 Portensis
977 1772 1083 1839 Rector,
1093 1772 1215 1845 aliusque
1224 1775 1263 1827 rir

211 1860 317 1924 doctus,
336 1858 414 1913 nobis
432 1858 621 1924 amicissimus,
640 1860 686 1932 qui
704 1862 882 1932 probaturum
899 1881 928 1917 se
945 1861 1010 1915 dixit
1027 1861 1168 1927 mallalos‚
1188 1872 1217 1914 ut
1231 1862 1264 1915 sit

211 1965 309 1998 nomon
328 1945 428 1998 amoris
445 1946 502 1998 eius
518 1947 572 2010 rei,
593 1965 676 2017 quam
690 1947 801 2003 baberet
818 1948 872 2001 sire
889 1948 1016 2005 Lucullus
1033 1949 1086 2003 sire
1105 1948 1262 2003 Hortensius

211 2035 239 2087 in
255 2033 374 2099 deliciis¹
392 2033 413 2085 si
433 2033 568 2089 bonorum
587 2035 720 2089 Codicum
738 2036 879 2089 accederet
894 2036 1046 2092 auctoritas.
1087 2035 1141 2091 sed
1166 2035 1262 2087 mallos

213 2122 355 2175 scintulos
374 2121 471 2175 babent
490 2119 586 2190 reliqui
606 2139 714 2184 omnem
733 2140 797 2175 nam
815 2122 888 2192 quod
908 2133 948 2177 est
965 2123 1078 2175 mallum
1096 2121 1123 2174 iu
1138 2121 1262 2189 DrsdA„

212 2209 311 2263 inultos
329 2209 356 2263 in
384 2208 462 2263 Drat
480 2212 505 2263 5.
530 2219 556 2263 et
574 2207 624 2263 Ed.
655 2210 716 2265 Par.
734 2211 815 2263 1512.
838 2220 866 2263 et
884 2210 965 2277 Dan,
994 2210 1084 2263 nullas
1109 2210 1138 2262 iu
1156 2206 1207 2261 Ox.
1222 2225 1261 2274 p,

211 2296 334 2351 munulos
352 2315 367 2349 a
388 2302 411 2353 2.
426 2315 461 2350 m.
481 2296 508 2349 in
528 2294 645 2361 Cra-1„
663 2307 691 2349 et
709 2296 806 2348 mullos
831 2297 859 2351 in
878 2294 949 2349 Gud.
969 2296 1001 2350 A.
1019 2308 1046 2350 et
1070 2296 1152 2351 Drsd.
1174 2299 1199 2352 1.
1219 2297 1263 2348 ui·

211 2382 246 2437 hil
265 2382 385 2453 impedit.
435 2382 540 2439 liabent
566 2394 656 2435 autem
681 2383 778 2435 mullos
800 2383 863 2437 inde
888 2404 903 2437 a
928 2384 1046 2441 Grutero
1066 2403 1173 2449 omnes,
1198 2394 1260 2437 ante

211 2471 358 2528 Gruterum
376 2470 426 2525 Ed.
444 2490 501 2542 prc.
520 2474 599 2528 1455.
619 2470 704 2528 suffr.
722 2472 795 2525 Petr.
813 2472 920 2543 arpfl.
934 2472 1021 2526 Wott.
1033 2472 1128 2526 Calon.
1145 2472 1262 2526 etlam-

211 2559 317 2616 biniauu
338 2575 399 2614 rera
415 2577 439 2612 a.
459 2561 538 2613 tatu.
574 2558 657 2627 Quod
677 2560 749 2613 enirn
769 2560 805 2614 ait
819 2580 874 2616 esse
887 2561 917 2614 in
933 2561 1107 2618 Lambiniana
1126 2561 1262 2627 multator,

210 2647 236 2702 irl
255 2647 289 2700 de
306 2644 625 2704 Pseudo-Lambiuiuuis
642 2645 717 2712 valet,
736 2646 771 2699 de
788 2667 849 2701 rera
868 2666 922 2702 non
941 2649 1014 2706 itum.
1052 2647 1165 2706 Codices
1183 2649 1262 2702 etiam

211 2731 305 2785 Orellii
324 2750 386 2785 cum
405 2730 516 2803 reliquis
534 2734 630 2790 nostris
642 2734 740 2788 mallos
757 2746 876 2804 tuentur,
894 2734 985 2808 ibique
1003 2733 1054 2789 Or.
1069 2746 1174 2791 monet:
1194 2734 1262 2801 „Ni-

211 2819 261 2874 mis
277 2819 334 2873 sere
352 2818 464 2872 ridicule
483 2819 536 2873 boc
553 2821 662 2890 quidem
680 2822 742 2876 loco
760 2825 816 2875 duo
835 2823 1013 2893 iungerentur
1032 2823 1210 2877 deminutira:
1236 2834 1263 2876 et

210 2907 325 2978 grandes
349 2906 438 2977 potius
465 2906 578 2975 mullos,
608 2925 748 2963 muraenas
776 2909 911 2980 piscinarii
944 2910 985 2963 isti
1014 2910 1207 2980 quaerebant.“
1226 2937 1260 2947 -

186 3012 190 3020 ·
210 2994 288 3048 Unus
305 2992 373 3047 cod.
389 2994 484 3050 Duisb.
501 2996 543 3063 (in
563 3013 617 3066 quo
636 2995 758 3049 hortulos
776 2997 905 3068 scriptum
924 3009 963 3053 est
988 2998 1016 3050 in
1035 2998 1162 3052 contextis
1187 3008 1213 3050 et
1231 2998 1259 3049 in

156 3133 159 3138 ,
210 3082 344 3154 margine)
354 3083 424 3136 banc
441 3082 521 3138 babet
538 3083 755 3138 annotationem:
775 3084 870 3155 „piscis
889 3085 977 3148 mollis
993 3095 1020 3137 et
1039 3085 1199 3139 teuermmus
1216 3104 1260 3136 er-

209 3173 294 3226 citans
324 3169 461 3224 libidinem
487 3172 716 3230 mmedenubus“
740 3172 802 3227 Mr.
853 3170 978 3245 [„Germ.
1005 3172 1117 3239 Rarme,
1146 3171 1261 3225 Barbe.“

209 3260 301 3330 Xyst.
321 3259 445 3327 Betui]

279 3356 464 3415 exceptantem
480 3347 514 3398 de
530 3348 649 3417 piscina]
687 3346 768 3413 „Non
795 3367 892 3420 carpo:
921 3349 966 3402 sed
992 3358 1081 3402 umen
1107 3345 1260 3401 commuui-

209 3435 294 3492 csada
311 3434 411 3486 ridetur
430 3451 492 3488 cum
511 3435 620 3505 publico
645 3438 776 3508 scriptura
795 3437 852 3491 Pal.
870 3457 921 3491 see.
940 3455 1009 3509 quae
1028 3437 1207 3486 excitantem:
1232 3446 1261 3488 ut

209 3524 305 3576 innuat
325 3520 423 3575 mullos
443 3523 506 3578 istos
529 3523 562 3576 ad
581 3524 683 3580 domiui
712 3543 805 3582 rocem
823 3527 895 3582 ultro
918 3526 1057 3580 accessisse
1075 3523 1108 3576 ad
1128 3522 1185 3578 eius
1203 3540 1260 3575 ma-

210 3610 305 3664 num.“
325 3606 506 3664 Gruterus.
524 3639 559 3651 -
602 3611 759 3670 Lectionum
782 3615 958 3678 excitantem,
986 3632 1055 3685 quae
1079 3622 1117 3666 est
1140 3614 1168 3666 iu
1194 3608 1260 3664 Cot

208 3697 265 3750 Pal.
282 3716 351 3763 sec,
376 3696 551 3753 Gernbardus
569 3719 710 3773 perperam
729 3701 822 3756 tribuit
847 3700 941 3756 codici
965 3700 1076 3763 Duiub.;
1102 3709 1261 3768 exspectan·

191 3795 262 3854 ltenr
287 3794 325 3837 est
349 3785 377 3837 in
408 3784 488 3838 Drsd.
508 3788 533 3839 1.
560 3785 609 3839 Or.
628 3789 672 3855 E„
700 3790 864 3846 excitantem
890 3790 917 3842 in
942 3788 1024 3845 Drsd.
1043 3792 1068 3844 2·
1113 3788 1203 3846 Verba
1228 3789 1261 3840 ‘le

206 3874 312 3941 piscina
331 3883 392 3928 ante
411 3873 581 3944 participium
598 3877 682 3948 posita
700 3889 764 3933 sunt
782 3879 810 3932 in
830 3877 897 3932 cod.
917 3875 975 3930 Cra.
994 3881 1038 3941 2..
1063 3895 1113 3946 pro
1131 3875 1163 3928 iis
1179 3874 1259 3927 babet

210 3959 344 4028 egregiam
362 3960 462 4016 scilicet
490 3963 685 4020 correctionem
711 3966 854 4035 disciplina
882 3963 1107 4027 eod.1)nd.4.;
1134 3964 1212 4017 rerba
1230 3973 1259 4012 et

207 4056 420 4112 pertractantem
438 4048 592 4104 aduerunt
608 4051 637 4105 in
656 4053 740 4118 Codri.
760 4053 811 4108 Oa.
831 4054 863 4108 N.
880 4053 954 4107 Gud.
971 4053 1004 4106 Α.
1023 4051 1082 4106 Cre.
1104 4056 1129 4102 2.
1148 4046 1189 4112 1.;
1208 4069 1258 4119 pro

209 4133 242 4188 iis
258 4133 288 4185 in
303 4134 399 4190 Duisb.
419 4146 458 4189 eat
476 4149 671 4206 reportantem.
708 4142 757 4197 Ed.
776 4143 809 4196 ll.
825 4151 1041 4213 pertractantem.
1085 4135 1259 4199 Fascioiatus,

210 4239 375 4291 quamquam
392 4221 465 4278 dedit
482 4235 665 4292 exceptantem
683 4229 730 4298 (de
748 4231 877 4299 piscina),
905 4242 995 4284 tamen
1015 4227 1138 4297 probasse
1158 4219 1260 4272 ridetur
