3059 4925
300 469 391 515 xxm
465 469 702 517 Puouoottuut
729 471 772 515 au
800 469 968 516 CICERONIS
994 473 1179 521 cantuum.

300 629 422 700 quidem,
442 647 511 700 quae
529 629 729 700 disputaverunt
745 628 920 686 Gernhardus
938 644 964 685 et
982 632 1224 702 Morgensterniue‚
1249 634 1281 686 ad
1303 654 1346 687 ve.

211 784 214 788 .
301 717 423 783 ritatem,
440 729 569 789 quantum
589 716 647 770 fieri
665 728 764 788 potest,
784 718 903 788 proxime
920 719 1049 773 accedere
1066 721 1188 773 videntur
1197 720 1233 788 *).

370 804 562 874 progredimur
580 804 615 856 ed
633 804 785 866 consilium,
801 824 868 875 ,quo
888 817 974 860 motus
998 806 1094 860 Cicero
1125 807 1198 861 laune
1228 807 1347 861 libellum

303 892 438 961 scripsisse
454 891 642 944 eristimandus
660 890 700 944 sit
734 890 936 963 Hieronymi
958 895 1083 947 Wollii
1111 897 1269 952 sententiam
1293 896 1346 948 ianr

299 980 395 1052 partim
413 999 428 1030 a
447 978 661 1050 Morgensternio
680 998 736 1031 non
748 987 803 1032 tam
822 979 973 1046 refutatam,
991 1001 1073 1052 quam
1090 983 1217 1037 rmectam
1228 984 1350 1036 vidimus.

298 1068 457 1121 Accuratius
474 1067 589 1137 seposita
607 1066 647 1119 sic
663 1065 754 1119 habeti
773 1065 910 1131 „Volebat
924 1070 1039 1137 primum
1059 1070 1206 1124 consectari
1218 1069 1348 1140 eloquen-

298 1157 349 1208 tiae
367 1154 473 1210 laudem
492 1155 520 1206 in
539 1173 567 1206 re
586 1174 601 1206 a
620 1154 720 1207 icreusi
739 1174 789 1206 usu
808 1155 910 1221 aliena3
930 1157 1023 1207 deinde
1043 1158 1141 1210 docere
1159 1156 1272 1220 volebat,
1289 1157 1347 1209 sor·

299 1253 379 1296 tunae
396 1259 507 1295 munera
526 1261 583 1294 non
600 1242 714 1295 nimium
732 1262 787 1295 esse
806 1244 976 1307 admiranda;
1000 1254 1059 1295 tom
1083 1244 1274 1297 commendare
1291 1255 1347 1298 stu-

299 1328 377 1382 debat
394 1349 422 1381 se
440 1345 555 1400 suasque
572 1349 614 1382 res
632 1350 682 1401 pro
708 1331 861 1401 republica
880 1343 980 1402 gestas3
1005 1342 1145 1399 praeterea
1169 1331 1299 1383 consolari
1319 1352 1346 1386 se

298 1416 385 1487 ipsum
404 1415 528 1485 cupiebat
545 1426 570 1467 et
589 1416 695 1468 munire
713 1417 836 1472 adversus
853 1418 1014 1472 calamitates
1040 1430 1065 1470 et
1091 1419 1277 1474 insectationes
1294 1419 1347 1471 ini-

298 1505 443 1567 micorum;
462 1522 566 1555 armare
586 1504 697 1574 denique
716 1503 829 1557 Brutum
853 1506 886 1557 ad
905 1506 1025 1560 Caesaris
1043 1506 1167 1573 caedem,
1197 1525 1276 1577 quern
1303 1516 1346 1576 ty-

298 1611 415 1644 rannum
439 1611 517 1664 saepe
540 1603 631 1657 vocat,
657 1592 793 1663 proposita
815 1591 959 1648 honestatis
987 1605 1014 1648 et
1041 1592 1142 1648 virtutis
1165 1592 1347 1646 excellentia.“

300 1681 349 1732 Vir
368 1682 479 1751 opinor,
504 1680 568 1744 erit,
595 1680 641 1751 qui
661 1679 727 1733 haec
751 1681 842 1733 omnia
861 1678 986 1734 Ciceroni
1005 1682 1087 1735 faisse
1104 1681 1240 1751 proposita
1262 1679 1348 1732 existi-

299 1780 367 1834 met‚
387 1770 496 1821 minime
514 1787 577 1820 vero
595 1768 637 1833 id,
665 1767 739 1838 quod
756 1767 852 1822 ultimo
880 1767 941 1822 loco
966 1767 1059 1839 posuit
1103 1766 1197 1818 Unum
1223 1765 1275 1817 hoc
1297 1766 1347 1817 sihi

298 1857 463 1910 Ciceronem.
476 1854 597 1909 hahuisse
613 1856 781 1926 propositum
800 1856 836 1908 ait
863 1857 992 1926 Xystus
1017 1852 1218 1917 Betuleius‚
1248 1861 1277 1903 ut
1303 1853 1346 1904 in-

298 1945 369 2016 genii
397 1944 485 1997 lusum
513 1943 659 2009 exhiberet,
686 1963 736 1996 nec
763 1963 840 2007 vero,
865 1953 895 1994 ut
918 1960 1082 2013 quemquam
1106 1940 1231 2002 doceret,
1261 1954 1345 2008 quum

297 2034 353 2104 ipse
370 2032 404 2084 ab
424 2030 647 2085 Academicorum
665 2031 784 2102 partibus
802 2029 909 2082 steterit.
944 2027 980 2081 At
998 2027 1058 2098 quis
1075 2026 1167 2091 nescit,
1184 2023 1346 2077 Ciceronem

298 2138 438 2191 nunquam
463 2118 498 2171 ita
516 2117 596 2189 plane
620 2137 636 2170 a
659 2116 812 2175 Stoicorum
837 2116 958 2169 doctrina
982 2114 1161 2175 abhorruisse,
1195 2124 1225 2165 ut
1251 2128 1344 2164 eorum

298 2217 440 2278 praecepta
459 2216 596 2275 sperneret
625 2216 751 2277 tanquam
778 2206 876 2275 inepta.
929 2203 1103 2274 Quamquam
1128 2201 1201 2253 enirn
1227 2219 1257 2252 ea
1280 2197 1346 2251 locis

299 2315 378 2367 supra
397 2294 481 2347 allatis
498 2296 563 2365 (pro
581 2292 697 2345 Murena
715 2296 785 2346 ow
796 2312 835 2363 sq.
855 2292 888 2344 de
906 2291 985 2344 Finn.
1001 2290 1047 2355 tV,
1066 2289 1125 2355 2i.)
1143 2286 1255 2339 irridere
1274 2284 1346 2337 vide-

297 2395 341 2437 tur
363 2382 451 2453 (quod
475 2380 549 2433 dedit
573 2380 694 2451 opinioni
723 2379 877 2451 populari);
912 2389 1015 2430 certum
1039 2387 1129 2429 tamen
1155 2386 1206 2440 est,
1237 2392 1298 2426 eum
1317 2373 1345 2424 in

298 2471 418 2523 doctrina
444 2469 479 2522 de
503 2469 624 2521 moribus
649 2467 754 2521 Stoicos
778 2467 942 2538 potissimum
971 2485 1026 2518 esse
1050 2475 1187 2528 secutum,
1213 2473 1240 2514 et
1263 2462 1346 2532 magis

299 2560 376 2612 etiam
397 2557 584 2629 progrediente
602 2566 685 2609 aetate
711 2554 744 2608 ad
763 2573 857 2608 eorum
877 2554 910 2606 de
935 2553 1044 2606 honesto
1067 2549 1224 2604 sententiam
1251 2566 1279 2619 se
1297 2565 1346 2613 ap·

298 2646 427 2715 plicuisse.
463 2643 494 2696 ln
514 2643 644 2697 Oratione
661 2661 712 2714 pro
729 2643 844 2695 Murena
862 2641 928 2694 illud
947 2658 1056 2711 quoque
1073 2633 1345 2697 animadvertendum,

299 2732 370 2804 quod
390 2750 473 2804 quum
494 2731 637 2784 Murenam
655 2730 752 2784 Cicero
777 2730 932 2782 defenderet
955 2738 1049 2782 contra
1077 2735 1257 2779 accusatorem
1281 2721 1345 2774 Ser·

297 2823 369 2873 rium
388 2818 551 2891 Sulpicium,
571 2819 598 2871 in
616 2819 693 2872 cuius
711 2819 885 2872 accusationis
903 2814 1125 2887 subscriptoribus
1141 2820 1198 2864 erat
1215 2806 1296 2872 Cato,
1316 2827 1346 2860 ea

255 2894 258 2898 Δ
298 2912 354 2978 ipsa
373 2927 416 2965 res
434 2908 557 2963 Ciceroni
577 2926 669 2960 ansam
682 2906 756 2960 dedit
773 2904 1008 2975 reprehendendae
1026 2898 1205 2971 philosophiae
1232 2896 1346 2964 Stoicae,

300 3014 381 3067 quam
398 2993 575 3062 profitebatur
593 2992 675 3059 Cato,
700 2996 748 3064 qui
770 2994 799 3045 in
822 2991 1045 3059 subscriptoribus
1070 2999 1140 3043 erat:
1174 3003 1347 3058 quamquam,

297 3095 328 3136 et
346 3085 383 3136 ait
403 3082 532 3135 Ernestus
549 3082 576 3133 in
595 3082 669 3135 istius
686 3081 824 3134 Orationis
841 3091 1014 3150 argumento,
1040 3077 1114 3130 molli
1136 3073 1266 3130 Catonem
1282 3074 1348 3125 atti·

296 3171 360 3226 culo
377 3170 508 3223 tractabat
525 3166 621 3222 Cicero
630 3172 680 3237 **).
722 3166 778 3223 Sed
805 3180 921 3221 nostram
949 3167 1026 3235 plane
1051 3164 1163 3218 facimus
1188 3162 1347 3229 Morgen-

299 3286 506 3297 s-——--

371 3372 399 3440 *)
417 3370 494 3423 Addo
519 3369 648 3423 iudicium
674 3364 786 3431 Orellii‚
808 3366 840 3417 V.
856 3363 919 3429 'Cl.,
948 3384 976 3416 es
1005 3363 1176 3416 annotatione
1200 3357 1232 3410 ad
1250 3356 1345 3407 Franc.

294 3444 414 3513 Fabricii
433 3441 623 3494 Marcodurani
643 3438 706 3490 lllst.
727 3435 865 3490 Ciceronis
886 3455 932 3503 per
943 3435 1070 3487 Consules
1078 3431 1245 3496 descriptam,
1265 3445 1346 3496 quam

298 3516 380 3567 edidit
397 3515 426 3566 in
446 3512 585 3565 Onomast.
603 3509 729 3561 Tulliano
743 3508 776 3561 Ρ.
797 3507 816 3560 Ι.
836 3526 861 3574 p.
879 3510 925 3560 88:
949 3505 1012 3571 „Ad
1030 3522 1131 3557 annum
1149 3519 1172 3552 a.
1191 3499 1226 3551 U.
1244 3517 1266 3551 c.
1285 3500 1347 3550 aot.

297 3598 358 3639 ante
377 3585 497 3639 auditum
516 3581 626 3637 Catonis
642 3589 755 3633 mortem
775 3577 813 3629 rel
832 3577 864 3630 ad
885 3577 1085 3646 praecedentem
1102 3573 1223 3625 referunt
1238 3566 1348 3620 Cicero·

298 3659 338 3710 nis
356 3655 512 3708 Paradoxo.
530 3681 564 3690 -
601 3651 653 3702 Res
669 3662 756 3702 tamen
778 3668 884 3717 prorsus
903 3648 1020 3712 incerta,
1049 3663 1110 3698 cum
1129 3640 1194 3693 nihil
1212 3637 1347 3706 impediat,

276 3745 352 3800 ‘quo
379 3727 466 3779 minus
493 3723 583 3793 paullo
609 3732 670 3774 ante
698 3718 785 3772 Crassi
817 3719 952 3771 interitum
980 3720 1015 3782 (a.
1035 3715 1069 3768 U.
1088 3734 1111 3767 c.
1130 3717 1191 3766 70⁰.
1224 3709 1347 3776 Capitol.)

297 3797 377 3852 scribi
402 3797 536 3865 potuerint
562 3792 622 3845 illae
646 3788 909 3855 declamatiunculae.
947 3785 1027 3841 Cons.
1054 3783 1206 3839 Fabricium
1232 3781 1300 3832 infra
1319 3780 1347 3832 in

191 3952 194 3959 r
300 3872 331 3924 Α.
351 3870 434 3922 roso
453 3868 491 3935 [p.
509 3865 565 3931 os]

352 3941 394 4007 **)
414 3934 614 3993 Bructerus
631 3934 659 3986 in
678 3932 742 3985 [list.
763 3931 830 3986 crit.
848 3928 1032 3998 Philosophiae
1049 3927 1082 3979 Τ.
1100 3925 1132 3979 ll.
1154 3945 1178 3993 p.
1195 3928 1244 3991 45:
1269 3921 1346 3975 Cice·

300 4031 395 4066 nonem
413 4011 450 4063 ait
468 4007 599 4075 scripsisse
618 4005 752 4057 Paradoxa
780 4003 865 4072 magis
881 4001 1049 4072 eloquentiae
1074 3993 1243 4052 ostentandae
1268 4013 1348 4064 quam

302 4081 440 4138 erudiendi
459 4078 566 4132 lectoris
585 4092 670 4129 causa.
715 4075 776 4127 Non
801 4072 946 4126 admodum
964 4069 1074 4124 discedit
1096 4071 1128 4122 ab
1151 4067 1202 4120 hac
1220 4066 1348 4118 sententia

300 4156 330 4209 C.
348 4152 464 4207 Beieri
484 4149 614 4203 iudicium
633 4148 661 4199 in
681 4144 801 4199 Censura
819 4144 880 4196 libri
899 4143 932 4194 de
951 4141 1088 4196 Ciceronis
1104 4142 1132 4193 in
1159 4135 1348 4207 philosophiam

300 4226 401 4280 meritis
420 4223 510 4292 scripti
530 4239 544 4273 a
563 4219 595 4270 R.
614 4216 795 4283 Kiihnero‚
823 4224 948 4286 quaeest
972 4214 1001 4266 in
1025 4211 1109 4267 lahnii
1128 4208 1235 4264 Annall.
1260 4206 1349 4259 Philo-
