3059 4925
498 483 693 532 runtooxor
715 485 760 532 vr.
793 487 862 533 err.
884 489 919 535 rr.
1046 502 1048 506 ·
1158 466 1231 540 305

187 646 273 699 ribus:
293 645 450 715 prudentis,
467 643 655 716 temperantis,
682 642 827 710 fortitudo,
852 645 976 700 iustitia.“
1004 648 1111 719 Wytt.
1130 677 1165 690 -
1201 650 1231 704 ln

186 753 259 806 seqq.
278 731 365 787 Codd.
383 732 461 785 Drsd.
477 736 502 786 1.
520 735 545 787 i.
564 743 590 786 et
606 730 655 784 Ed.
676 733 737 789 Are.
755 734 834 787 titt.
853 732 952 787 linirent
970 753 1040 806 quoe
1058 748 1124 788 runt
1140 755 1233 790 urem-

188 821 247 873 ι..
263 821 403 890 perustae.
438 819 506 874 Etr.
522 819 601 877 itus.
621 820 688 872 ven.
707 822 787 876 rsus
806 810 891 878 stro
903 823 968 892 mg.
988 822 1048 874 rar.
1061 823 1232 879 stonum.

186 907 272 978 Lugd.
289 917 315 959 et
332 901 382 958 Ed.
401 925 444 978 ep.
462 907 547 960 Meus.
577 922 646 977 quae
670 915 737 957 sunt
754 907 883 975 pecuniae
901 937 935 948 -
954 910 1108 967 membro.
1151 914 1233 967 Vides

187 995 376 1065 glossatorem,
394 995 441 1066 qui
458 993 620 1047 desideraret
636 991 739 1063 aliquid
757 992 791 1045 ed
808 995 953 1063 perseniae,
972 996 1122 1068 confugisse
1133 1000 1166 1051 ad
1179 1000 1233 1053 Pa.

188 1083 243 1136 rad.
264 1084 286 1147 l,
304 1085 346 1147 t..
365 1082 411 1134 ubi
430 1082 557 1153 leguntur
583 1081 645 1134 item
668 1081 800 1149 pecunius
821 1081 950 1148 membru,
973 1083 1021 1135 illo
1046 1104 1155 1158 quoque
1172 1087 1233 1141 looo

187 1170 251 1240 (rid.
270 1181 352 1223 nostr.
369 1170 476 1238 annot.)
493 1170 695 1240 uismspecra.
732 1168 823 1237 Quam
839 1188 931 1224 roorm
943 1189 1023 1242 supra
1035 1174 1143 1227 uncinis
1151 1175 1233 1228 modo

187 1258 375 1313 includendam
395 1258 531 1323 duximus,
552 1273 613 1310 num
631 1256 668 1310 ibi
687 1255 792 1310 facilius
808 1256 912 1322 diteris,
931 1258 994 1329 quid
1009 1277 1064 1313 non
1079 1259 1115 1314 sit
1133 1279 1233 1326 sertmr,

189 1367 269 1419 quam
287 1365 432 1418 quaerere
461 1346 494 1399 sit
514 1344 653 1400 Ciceronis
678 1363 788 1410 meliust
825 1343 877 1400 boc
899 1345 960 1399 loco
985 1349 1130 1403 omittenda
1155 1350 1233 1421 plene
1305 1351 1310 1357 ’

187 1435 237 1487 riso
257 1444 303 1500 esi,
322 1451 383 1488 cum
402 1451 495 1488 omues
513 1435 569 1488 fere
588 1433 649 1488 libri
670 1452 734 1487 eam⁴
748 1434 883 1505 ignorent.
919 1435 949 1486 Μ
956 1455 979 1489 ι.

259 1532 290 1574 ut
309 1523 437 1594 quisque,
457 1523 530 1593 quod
543 1519 655 1590 plurimi
672 1521 723 1585 sit,
741 1522 903 1589 possideat,]
950 1523 1016 1587 „Est
1045 1524 1088 1578 hio
1112 1525 1233 1597 syllogis-

187 1627 247 1662 mus
264 1610 403 1674 oratorius,
421 1609 497 1662 euius
515 1607 601 1678 logion
618 1606 706 1659 formu
724 1605 792 1659 hune
810 1608 857 1659 sit:
876 1606 914 1671 si,
934 1619 963 1661 ut
981 1610 1094 1681 quisque
1110 1613 1233 1682 possidet,

187 1696 259 1768 quod
280 1695 388 1766 plurimi
405 1695 480 1767 pretii
498 1694 538 1760 sit,
558 1694 592 1747 ita
611 1692 753 1748 ditissimus
770 1692 908 1745 habendus
926 1705 975 1760 est,
992 1697 1113 1767 sequitur
1129 1697 1158 1751 in
1182 1702 1234 1753 rir-

187 1793 243 1837 tute
259 1783 360 1837 divitias
378 1801 441 1836 etse.
489 1782 572 1854 Atqui
592 1782 630 1834 ite
650 1780 762 1852 quisque
789 1779 931 1833 ditissimus
959 1781 1096 1837 habendus
1125 1795 1176 1851 est,
1206 1799 1235 1842 ut

186 1871 252 1924 illud
271 1870 400 1942 possidet,
419 1869 492 1942 quod
510 1869 619 1941 plurimi
638 1867 715 1939 pretii
734 1868 774 1921 sit.
812 1868 885 1940 Ergo
899 1870 1003 1923 diviuae
1022 1871 1122 1941 positae
1135 1877 1234 1928 strotin

188 1960 307 2013 virtute.“
326 1957 429 2029 Wytt.
466 1957 569 2025 „Quid
588 1958 609 2010 si
622 1957 705 2027 legari
723 1956 835 2026 plurimi
847 1955 993 2027 sit-,W
1016 1959 1108 2030 Xyst.
1127 1958 1233 2018 Betui.

188 2045 310 2114 „Omnes
328 2046 380 2099 mel
397 2047 442 2101 sit.
462 2077 497 2085 -
532 2046 579 2096 Fir
596 2054 657 2097 sunt
676 2044 722 2113 qui
740 2042 859 2113 legant.“
877 2044 949 2097 ΑΜ.
969 2041 1053 2098 Mun.
1097 2045 1235 2102 Manutius

189 2134 238 2186 nisi
259 2134 346 2205 ipsum
365 2129 514 2185 Betuleinm
532 2128 643 2200 intelligi
663 2129 761 2195 voluit,
785 2130 891 2194 neseio,
917 2147 997 2201 quem
1022 2130 1160 2201 significet.
1204 2135 1233 2187 ln

188 2220 262 2273 libris
280 2220 387 2292 quidem
406 2219 502 2273 uostris
520 2238 575 2271 nou
597 2228 649 2270 est:
668 2215 788 2269 Orellius
802 2218 841 2285 fit
858 2236 887 2269 ex
905 2218 963 2270 solo
981 2219 1049 2271 cod.
1061 2218 1150 2274 Guell.
1168 2241 1236 2275 eno·

189 2309 258 2363 tavit.
293 2306 348 2361 Sed
367 2306 416 2361 alio
434 2306 540 2378 reperio
557 2306 586 2358 in
604 2303 670 2357 meis
687 2302 776 2356 librist
803 2306 841 2356 sin
859 2303 938 2358 Drsd.
957 2309 983 2358 t.
1011 2304 1090 2359 habet
1110 2318 1143 2358 ut
1160 2310 1236 2379 quis-

189 2397 369 2469 qurdires‘,
395 2413 465 2468 quan
484 2394 641 2465 supinus,
666 2391 775 2464 egregia
793 2390 900 2445 scilieet.
937 2391 1017 2447 Drsd.
1036 2397 1062 2445 5.
1089 2396 1149 2462 qui
1169 2396 1236 2462 plu-

189 2486 249 2538 rimi
265 2482 317 2548 rii,
333 2483 400 2541 Ort.
419 2482 450 2537 Ε.
469 2501 498 2545 ψ.
516 2486 577 2539 Cri.
596 2482 620 2536 1.
641 2479 713 2554 quod
726 2481 918 2550 plurimum
943 2480 997 2532 duo
1016 2480 1120 2550 priores
1137 2481 1234 2535 omisso

189 2574 254 2639 sit);
272 2570 378 2625 Suerin.
397 2581 429 2622 ut
449 2572 561 2643 quisque
579 2570 640 2642 qui
659 2569 731 2641 quod
746 2568 857 2638 plurimi
874 2568 920 2620 sit.
963 2566 1077 2620 Errorer
1098 2567 1124 2620 lii
1143 2586 1236 2623 omnes

189 2676 217 2712 er
236 2659 405 2712 librariorum
423 2659 512 2728 inepta
531 2656 725 2713 consuetudine
743 2668 805 2710 suot
823 2657 890 2722 orti,
921 2670 975 2728 quo
995 2652 1138 2722 vocibuis,
1167 2675 1235 2729 quae

191 2762 246 2799 uon
264 2747 326 2800 tatis
340 2744 533 2817 intelligerent,
561 2746 687 2817 proximis
713 2744 926 2799 accommodare
948 2741 1077 2797 solebant.
1130 2740 1236 2800 Priores

165 2880 167 2883 .
190 2833 273 2903 igitur
288 2848 350 2887 eum
370 2844 429 2905 post
444 2834 558 2905 quisque
574 2833 733 2903 reperissent
750 2833 837 2903 quod,
854 2832 882 2883 id
901 2833 1058 2883 mutandum
1075 2847 1238 2887 censuerunt

191 2921 217 2973 io
238 2922 299 2993 qui5
318 2922 491 2992 posteriores,
511 2936 572 2977 oum
591 2922 663 2992 quod
681 2938 773 2972 verum
791 2936 846 2971 esse
864 2916 1019 2981 crederent,
1041 2916 1153 2986 plurimi
1176 2936 1238 2971 mu-

190 3008 301 3064 tandum
320 3008 418 3061 esseio
437 3009 583 3077 plurimum
602 3027 651 3080 pro
670 3010 710 3061 sui
728 3005 829 3077 ingenii
840 3004 950 3058 modulo
960 3002 1148 3057 existimabant.
1184 3004 1238 3056 So·

191 3096 322 3151 lusGud.
341 3095 373 3147 Β.
388 3097 463 3167 quud
479 3095 614 3168 quidem
630 3095 743 3166 plurimi
761 3094 806 3146 sit.
857 3092 894 3145 Ut
911 3110 999 3162 neque
1025 3091 1099 3162 prius
1115 3093 1153 3144 sit
1176 3112 1237 3145 mu·

189 3185 301 3239 tandum
320 3183 371 3237 luit
386 3183 414 3235 in
427 3184 481 3252 fit,
497 3183 533 3236 ita
552 3182 608 3241 nee'
621 3184 752 3256 posterius
771 3181 798 3234 in
817 3191 874 3232 est:
891 3179 990 3250 pendet
1001 3179 1073 3231 enim
1093 3189 1237 3251 utrumque

191 3272 290 3343 aquis.
302 3270 391 3340 igitur
408 3296 441 3311 ·-
465 3269 586 3334 dubitor,
611 3281 640 3324 ut
665 3269 801 3323 interiecta
829 3265 967 3319 dubitandi
996 3266 1173 3336 propositioni
1198 3267 1236 3320 ret

191 3355 381 3423 enuntiationi,
401 3366 482 3429 quem
499 3357 606 3425 dieunt,
625 3354 792 3411 dubitativae.
842 3352 895 3407 Sed
921 3352 966 3406 alii
995 3363 1057 3405 suut
1079 3368 1184 3406 errores
1210 3357 1237 3408 in

190 3444 258 3500 iiii.
278 3444 463 3500 vetustissimis.
507 3443 544 3499 lta
563 3445 662 3517 legitur
678 3445 707 3498 iu
725 3440 792 3498 itud.
811 3444 880 3496 Ven.
899 3442 978 3496 1492.
997 3440 1083 3495 151'42
1101 3440 1169 3509 Quis
1184 3440 1240 3512 igi-

191 3545 238 3586 tur
256 3533 401 3604 siquidem:
421 3532 586 3603 utquisque
605 3533 677 3604 quod
692 3532 803 3611 plurimi
821 3532 859 3582 sit
874 3529 1023 3598 possideat.
1057 3530 1118 3579 ¹Itu
1135 3526 1240 3578 ditissi-

191 3640 250 3675 mue
268 3621 409 3675 dolendus
423 3620 454 3672 si
471 3618 585 3673 dubitet.
622 3619 722 3672 Eodem
742 3630 781 3672 est
797 3616 931 3670 distinctio
948 3615 977 3666 in
994 3612 1074 3667 lldlb.
1087 3613 1149 3665 Pur.
1159 3614 1238 3667 titt.

192 3709 269 3780 Arg„
296 3708 340 3760 sed
358 3708 396 3759 sit
423 3724 474 3778 pro
495 3710 535 3767 εἰς
566 3705 730 3761 similiteriu
749 3705 799 3761 Ed.
816 3704 902 3774 Lugd.
917 3701 1012 3761 sedes
1030 3700 1109 3752 habet
1127 3700 1239 3773 quisque

193 3806 231 3847 stt
249 3796 321 3866 quod
337 3812 387 3866 pro
406 3810 433 3850 u.
449 3815 479 3865 q,
497 3814 523 3864 q.
559 3794 678 3856 Primo,
707 3793 853 3864 inquibus
878 3801 949 3843 reote
967 3787 1151 3859 distinguitur,
1176 3801 1238 3842 sunt

193 3880 260 3935 ΕΜ.
281 3880 344 3937 Par.
360 3884 441 3935 1511.
458 3880 546 3951 (Asc)
565 3892 591 3934 et
611 3884 690 3934 tttr.
726 3878 786 3934 Mr.

260 3972 304 4020 itu
322 3968 566 4020 divitissimus
591 3967 728 4019 debendus
751 3962 816 4038 sit,]
859 3966 917 4018 lior
935 3964 1048 4030 retinui,
1068 3975 1102 4019 nt
1127 3974 1152 4016 st
1169 3964 1238 4015 infra

192 4055 302 4109 divitior
318 4072 347 4108 er
365 4054 513 4108 imitntioue
531 4054 643 4109 Victorii
662 4056 735 4127 opud
757 4055 827 4109 Rob.
846 4053 1028 4124 Stephanum,
1053 4062 1081 4103 et
1104 4050 1195 4102 luntre
1213 4061 1240 4103 et

191 4140 285 4210 langii
304 4151 329 4192 et
347 4141 564 4196 membranarum
583 4142 678 4209 MSS„
705 4160 761 4197 non
778 4143 908 4196 maiorem
928 4139 1048 4195 mutandi
1078 4152 1183 4191 musam
1209 4137 1238 4189 in

192 4227 244 4279 hoc
263 4226 323 4280 loro
342 4227 471 4299 opinens,
488 4248 570 4300 quam
588 4232 634 4285 lib.
653 4231 696 4287 lll.
716 4234 749 4286 de
769 4232 900 4298 Oratore,
923 4233 973 4294 «ts,
1000 4226 1045 4279 ubi
1064 4223 1152 4276 editur
1169 4223 1240 4277 diri-

894 4317 944 4388 20
