3059 4925
758 300 770 330 Ι

288 426 335 500 18
635 450 812 497 rensuum
840 450 1036 498 srorcoruu.

284 620 416 673 autem,
433 609 462 662 in
482 607 541 662 Cre.
560 612 584 661 1.
603 608 639 659 ab
656 608 723 678 ipsis
740 618 789 671 et,
814 609 952 662 erroribus
967 629 998 662 ex
1016 610 1240 683 compendiorum
1267 614 1341 666 simi-

284 697 396 753 litudine
415 696 487 750 ortis.
508 695 623 772 'Latinis
640 695 734 749 litteris
752 707 855 749 exarata
874 696 971 767 iegitur
989 716 1037 749 vor
1053 699 1195 767 porodoxa
1213 700 1241 752 in
1253 699 1340 753 codd.

283 785 397 839 Gaul.
408 784 438 837 Β.
457 782 538 837 Drsd.
549 787 573 836 1.
592 787 616 838 3.
634 786 660 837 3.
679 779 739 837 Crz.
749 786 775 837 1.
793 789 818 837 2.
835 788 861 840 3.
878 784 973 837 Duisb.
987 797 1012 839 et
1022 785 1112 839 multis
1121 785 1188 840 Edd.
1198 798 1258 841 vett.
1282 788 1341 841 Mr.

359 872 545 942 Appellantur
553 871 571 939 ,]
591 869 678 925 codd.
691 870 766 946 pith.
786 883 813 926 et
830 871 902 926 Gud.
922 874 955 926 A.
973 893 1035 928 cum
1053 873 1133 927 Drsd.
1148 877 1174 929 3.
1200 885 1341 931 vocantur.

283 960 348 1013 Post
365 958 391 1011 h.
411 977 433 1011 r.
453 956 532 1029 plene
550 959 724 1013 distinxerunt
743 958 830 1014 codd.
847 960 916 1015 Pith.
931 959 990 1015 Crr.
1001 965 1034 1027 1.,
1054 960 1178 1033 Longius,
1194 963 1339 1019 Anemoec.

257 1049 259 1060 '
285 1046 628 1106 Graer.Facciol.01iret.
652 1047 744 1102 Minue
769 1050 845 1102 bene.
891 1048 1025 1102 Scribitur
1048 1058 1179 1118 temptare
1202 1050 1230 1103 in
1255 1049 1340 1104 codd.

285 1135 344 1189 Crn.
364 1138 389 1189 1.
407 1134 487 1188 Drsd.
507 1136 532 1189 1.
568 1134 686 1202 suerin„
705 1155 786 1208 quam
805 1135 979 1207 scriptionem
997 1135 1026 1187 in
1043 1136 1121 1188 bonis
1138 1135 1213 1190 libris
1229 1138 1342 1209 reperiri

285 1226 349 1280 dicit
365 1223 483 1278 Freund.
502 1224 530 1276 in
548 1222 608 1276 Lex.
627 1252 662 1263 -
699 1227 837 1289 „Tentare
855 1222 943 1274 volui:
969 1221 1015 1276 Sic
1032 1222 1222 1293 septendecim.
1264 1223 1342 1277 Unus

284 1323 318 1364 el
337 1323 443 1365 tentare
463 1310 544 1363 volui.
581 1309 654 1363 Alias
671 1328 710 1360 uc
728 1319 835 1361 tentare
852 1309 955 1363 volui.“
979 1308 1053 1362 ΑΜ.
1072 1308 1202 1363 Manut.
1239 1311 1270 1363 ln
1290 1309 1340 1362 Ed.

285 1398 355 1452 Olir.
375 1397 440 1451 haec
458 1406 497 1449 est
515 1396 549 1448 ad
568 1416 589 1447 v.
609 1392 746 1465 παράδοξα
763 1394 907 1447 Faccioloti
924 1395 1076 1462 annotatio,
1105 1397 1219 1468 quaein
1239 1398 1342 1451 duabus
1376 1403 1385 1418 ‘

285 1484 353 1538 meis
371 1501 428 1537 nou
446 1481 557 1553 legitur:
578 1482 626 1549 „tl
645 1481 844 1547 enarrabilia,
863 1500 984 1555 quaeque
1001 1494 1067 1536 sunt
1085 1495 1179 1538 contro
1197 1488 1341 1556 opinionem

276 1561 410 1624 omnium.
451 1568 658 1636 Acad.11,44:
692 1572 763 1622 Sunt
790 1573 860 1622 enim
882 1572 1022 1623 Socratico
1052 1572 1179 1643 pleraque
1206 1571 1341 1625 mirabilia

285 1660 450 1723 Stoicorum,
469 1675 538 1728 quoe
556 1653 695 1727 παράδοξα
712 1658 902 1719 nonnarum,-
923 1660 999 1713 etde
1018 1660 1097 1712 Finn.
1109 1660 1155 1726 lV,
1175 1665 1217 1716 21.
1252 1661 1342 1734 Expo-

286 1757 391 1800 nuntur
406 1765 422 1798 n
442 1743 574 1800 Cicerone
599 1744 632 1798 ed
651 1744 787 1817 quendum
812 1745 892 1799 veluti
916 1746 1027 1799 senilem
1053 1746 1288 1812 declamationem,
1312 1759 1342 1800 ut
1383 1811 1396 1828 ·

284 1836 342 1906 ipse
367 1852 426 1887 eam
453 1844 529 1887 vocet
553 1833 581 1885 in
600 1833 680 1886 T-usc.
701 1833 721 1899 Ι,
738 1837 765 1887 4.
813 1833 906 1905 itaque
930 1833 1022 1887 scribit
1041 1832 1186 1888 Suetonius
1209 1836 1243 1888 de
1269 1833 1342 1889 Clar.

284 1922 480 1976 [thelonei.
520 1920 683 1986 Ciceronem
708 1921 842 1972 seniorem
867 1937 976 1991 quoque
995 1920 1207 1973 declamarisse.“
1260 1919 1342 1987 Quod

285 2028 340 2063 esse
359 2007 387 2062 in
406 2009 463 2062 aliis
480 2008 556 2061 libris
573 2007 637 2060 dicit
657 2005 719 2058 Atd.
737 2004 813 2059 Man.
832 2008 862 2059 A
868 2025 883 2058 c
901 2016 1007 2058 tentore
1029 2007 1122 2074 volui,
1146 2008 1181 2061 ita
1201 2027 1342 2063 commen-

285 2098 331 2150 dat
348 2096 508 2160 Morisotus,
526 2095 659 2163 interpres
676 2092 876 2145 Peradoxorum
889 2111 1008 2163 graecus
1033 2095 1136 2166 (nuper
1157 2095 1243 2149 editus
1267 2116 1282 2150 a
1306 2095 1341 2151 G.

285 2183 315 2235 F.
334 2181 490 2237 Wensclrio.
508 2179 567 2235 Hal.
585 2179 645 2233 Sar.
663 2177 769 2248 1840.):
796 2178 846 2244 „iu
866 2181 1002 2246 omnibus,
1019 2193 1152 2253 quotquot
1171 2182 1235 2236 milri
1252 2183 1342 2237 ridere

287 2271 412 2341 contigit,
433 2267 628 2339 exemplaribus
645 2265 740 2320 omissa
759 2277 799 2319 est
834 2268 878 2320 Ac
905 2268 1049 2338 particulo:
1078 2290 1146 2341 quae
1171 2281 1261 2324 tamen
1286 2270 1342 2324 lre·

287 2376 372 2430 quens
391 2367 429 2411 est
447 2355 519 2428 apud
541 2353 701 2408 Ciceronem
722 2373 785 2408 cum
803 2354 884 2423 alibi,
902 2368 959 2411 tum
977 2357 1066 2429 primo
1085 2358 1118 2411 de
1135 2357 1251 2414 Oratore
1271 2361 1342 2427 [c.1.

285 2444 309 2518 5.
328 2450 359 2512 43
377 2450 403 2511 2,
419 2442 483 2516 56.
499 2441 569 2516 5.8;
586 2447 614 2510 4,
631 2439 713 2514 513.
732 2439 755 2514 5.
774 2445 840 2512 11].
881 2444 939 2499 Nec
956 2456 994 2499 est
1012 2446 1066 2500 veri
1089 2447 1187 2513 simile,
1207 2467 1341 2501 summurn

286 2536 362 2589 illum
381 2533 510 2587 ubertatis
527 2532 659 2585 Asiaticae
678 2532 809 2586 cultorem
829 2552 858 2586 er
876 2534 1006 2588 industria
1024 2546 1159 2589 truncasee
1183 2534 1341 2588 orationem.

285 2623 410 2685 Ludens,
430 2620 533 2691 inquit,
562 2621 659 2671 conieci
677 2622 705 2673 r'n
724 2640 872 2673 communes
896 2623 980 2686 locos,
997 2641 1037 2673 oc
1055 2633 1162 2674 tentare
1187 2622 1269 2674 volui.
1312 2619 1341 2672 Si

286 2727 319 2760 oo
337 2707 489 2773 sustuleris,
505 2706 590 2776 qualis
608 2717 647 2760 est
666 2706 795 2762 luturu?“
822 2709 991 2763 Desiderasse
1010 2709 1061 2762 tale
1077 2709 1140 2780 quid
1160 2709 1277 2774 ridetur,
1297 2707 1343 2778 qui

285 2795 315 2849 in
334 2792 402 2848 cod.
421 2793 480 2846 Bas.
498 2793 602 2865 scripsit
617 2804 724 2848 tentore
742 2807 857 2849 autem
875 2797 957 2850 volui.
993 2796 1053 2849 Non
1073 2797 1218 2851 necessaria
1231 2806 1270 2850 est
1280 2814 1343 2849 cor·

284 2883 369 2937 rectio
387 2880 445 2938 Th.
464 2881 633 2935 Bentleiir
652 2881 854 2952 abipsr'setr'am
866 2883 1004 2953 παράδοξα
1020 2902 1039 2934 a
1043 2902 1064 2952 p
1067 2883 1217 2952 pellata,
1237 2892 1343 2935 tentare

287 2971 369 3025 volui.
405 2968 476 3022 iliud⁴
484 2988 524 3034 oc,
545 2970 688 3040 probatum
699 2970 841 3036 Morisoto,
859 2970 938 3024 habet
955 2972 988 3025 H.
999 2971 1095 3025 Wollf.
1105 2972 1134 3024 in
1146 2991 1198 3024 var.
1205 2971 1265 3026 lect.
1282 2971 1342 3025 Mr.

355 3062 502 3111 Possumne
517 3057 637 3128 proferri
654 3057 683 3109 in
701 3058 801 3122 lucem,
818 3058 849 3107 id
864 3066 918 3123 est,
937 3059 967 3111 irs
978 3059 1100 3130 forum,]
1120 3063 1176 3125 „Et
1193 3060 1223 3111 s‘rr
1236 3060 1341 3130 sorum,

289 3146 352 3199 duo.
390 3145 440 3199 Vel
447 3145 487 3209 ,in
502 3145 612 3216 forum,
638 3162 689 3198 ser.
706 3145 731 3198 A
751 3145 837 3200 tribus
854 3146 951 3201 absunt
967 3148 998 3198 iu
1013 3158 1055 3200 est
1071 3148 1100 3200 in
1113 3148 1235 3219 forum.“
1270 3147 1344 3200 Ate.

266 3233 418 3289 Manat.
452 3230 532 3287 Unus
548 3231 631 3290 Drsd.
648 3237 674 3286 1.
697 3231 778 3287 habet
792 3234 822 3286 r'n
840 3235 918 3287 luce
934 3236 1066 3307 proferri,
1094 3234 1197 3289 omissis
1221 3235 1307 3288 verbis
1321 3237 1340 3289 ι’.

168 3366 173 3373 e
285 3323 314 3373 in
332 3322 443 3392 forum,
467 3339 536 3391 quae
561 3320 658 3374 absunt
685 3326 764 3375 etiam
789 3323 822 3375 ab
842 3321 909 3379 On.
927 3322 960 3376 N.
977 3344 1003 3392 η.
1022 3322 1102 3377 Drsd.
1118 3327 1144 3379 3.
1189 3324 1221 3376 ln
1238 3321 1297 3379 Cn.
1316 3325 1343 3378 1.
1435 3356 1439 3362 ·

286 3420 323 3462 est
342 3408 400 3459 vel
417 3408 446 3459 irr
461 3408 569 3477 forum,
592 3419 623 3461 ut
645 3408 673 3461 in
689 3407 756 3467 On.
772 3410 793 3463 l.
812 3409 848 3464 U.
866 3428 909 3475 ψ.;
935 3412 963 3464 in
982 3409 1054 3464 Gud.
1073 3412 1106 3464 Α.
1132 3410 1162 3462 in
1178 3411 1263 3462 lucem
1279 3428 1342 3479 pro·

280 3496 371 3568 ferri,
388 3494 416 3547 in
437 3493 517 3548 Drsd.
536 3496 561 3546 3.
577 3513 735 3563 possemne
752 3498 781 3549 in
793 3497 877 3549 lucem
888 3498 1043 3569 proserta
1067 3498 1097 3550 iu
1115 3497 1195 3551 Drsd.
1212 3500 1239 3550 4.
1265 3496 1343 3547 etin

280 3581 392 3652 sorum,
409 3579 439 3633 in
458 3578 517 3633 Cre.
536 3585 561 3633 2.
583 3593 725 3650 possentne
743 3585 773 3636 in
790 3585 875 3637 lucem
899 3585 1020 3656 proferri
1037 3584 1055 3637 i.
1073 3603 1095 3637 e.
1112 3584 1239 3637 visorum.
1279 3581 1342 3636 Una

284 3666 334 3719 Ed.
353 3666 435 3720 Puris.
452 3686 473 3720 s.
490 3686 514 3720 a.
534 3665 613 3721 hebet
627 3670 748 3741 proferri
764 3671 794 3723 in
811 3673 907 3737 lucem,
925 3671 1027 3726 omissis
1039 3672 1126 3726 verbis
1138 3673 1168 3723 in
1184 3671 1269 3724 lucem
1286 3672 1305 3727 ἰ.
1321 3688 1344 3726 ε.

284 3757 313 3807 r'rr
332 3755 437 3826 forum.
483 3755 544 3809 Asc.
569 3759 649 3809 1311.
666 3757 696 3808 in
714 3757 800 3809 lucem
815 3760 935 3830 proferri
949 3769 980 3810 et
1003 3760 1045 3813 ito
1069 3760 1135 3824 dici,
1153 3758 1256 3814 omissis
1279 3757 1342 3811 item

285 3843 372 3897 verbis
390 3844 408 3895 i.
427 3862 449 3893 e·
466 3844 613 3913 ursorum.
650 3843 733 3911 Quod
751 3847 789 3899 uit
808 3845 911 3900 Gernh.
928 3858 957 3900 et
974 3864 1035 3901 cum
1057 3865 1090 3900 eo
1115 3845 1165 3899 Or.
1190 3846 1279 3899 obesse
1298 3863 1344 3898 ea·

288 3927 350 3981 dem
368 3930 447 3982 rerba
466 3930 499 3981 ab
520 3928 570 3984 Ed.
589 3928 854 3999 Anemoec.1563.,
879 3953 969 3986 verum
995 3934 1179 4006 quidemst,
1210 3930 1256 3984 sed
1274 3929 1344 3984 hanc

285 4014 371 4090 ipsam
390 4037 445 4072 esse
462 4016 787 4087 Pseudanemoecienam,
806 4039 870 4073 cum
889 4040 949 4074 sera
969 4021 1034 4073 nihil
1052 4019 1147 4073 habeat
1166 4017 1216 4072 nisi
1235 4015 1343 4081 Officia,

284 4098 411 4160 discimus
428 4106 463 4159 ab
481 4103 539 4175 ipso
557 4102 608 4158 Or.
626 4104 655 4160 in
674 4106 816 4164 Onomast.
834 4107 906 4162 Tull.
918 4109 938 4174 1,
958 4129 984 4180 p.
996 4111 1048 4163 331
1061 4128 1101 4180 sq.
1120 4105 1182 4160 coll.
1201 4125 1227 4177 p.
1239 4109 1291 4160 345
1301 4124 1342 4175 sq.

283 4189 375 4258 Quare
393 4195 466 4250 illam
485 4210 540 4245 non
561 4190 629 4244 ultra
650 4194 826 4247 morabimur.
863 4193 1002 4249 Sebuinus
1020 4214 1083 4250 cum
1102 4213 1129 4251 se
1148 4194 1201 4246 iam
1218 4192 1282 4247 olim
1303 4189 1342 4257 [in
