3059 4925
295 425 371 499 300
625 452 799 501 rrnruoxs
827 452 1011 500 srorconuu

293 615 355 667 tiam
374 613 479 666 confert
496 612 592 683 Borg.
638 611 717 667 Auci.
740 613 773 667 ed
801 611 1056 676 Herenn.lV‚1i:
1084 615 1173 684 Egens
1199 633 1283 686 aeque
1302 629 1344 669 est

292 705 331 764 is,
349 701 396 771 qui
413 719 465 753 rien
483 702 553 753 sotis
570 700 665 764 habet,
683 711 711 752 et
729 701 761 765 ie,
782 700 827 752 eui
843 700 914 752 nituit
928 700 1000 751 sotis
1015 710 1105 767 potest
1123 719 1189 766 esre,
1209 704 1270 757 coll.
1285 703 1343 756 Ru-

291 788 328 842 til.
345 790 413 860 Lup.
432 809 459 859 p.
474 792 534 842 tto.
553 799 579 841 et
597 790 657 842 125.
677 787 722 844 ubi
740 797 803 840 sunt
821 785 967 841 sententiae
985 786 1144 842 consimiles.
1163 787 1342 843 Cod.Crz.1.

292 878 399 946 Copiom
410 886 500 928 eutem
517 877 653 930 societas
670 893 759 932 rerum
779 875 900 928 declarat
919 885 1002 947 atque
1020 876 1231 932 habundantia.
1267 878 1343 932 Scri-

291 963 363 1018 bitur
382 964 463 1016 etiam
477 961 712 1016 habundantiam
732 962 790 1016 Cre.
808 968 835 1017 2.
869 961 929 1016 Mr.

362 1070 442 1122 quem
460 1062 492 1102 tu
512 1053 639 1123 quoniam
654 1071 793 1122 nunquam
811 1070 951 1123 assequere
959 1054 978 1119 ,]
1006 1050 1132 1118 Quatuor
1151 1053 1230 1104 rerba
1249 1053 1340 1122 priora

290 1140 317 1192 in
338 1138 404 1192 eod.
424 1138 503 1191 Drsd.
520 1144 547 1192 4.
565 1139 600 1193 ita
619 1140 788 1204 scribuntur,
815 1149 844 1192 ut
863 1138 915 1209 legi
934 1158 990 1192 nou
1010 1138 1124 1209 possint:
1143 1155 1259 1210 qoaoqg,
1283 1151 1341 1193 turn

290 1226 410 1297 sequitur
428 1244 576 1297 assequere.
613 1227 693 1280 Drsd.
712 1231 737 1280 1.
757 1227 856 1281 omittit
874 1238 915 1280 tu.
953 1224 1011 1278 Cre.
1033 1230 1059 1278 2.
1078 1238 1105 1277 et
1122 1224 1172 1279 Ox.
1192 1245 1215 1277 o.
1243 1226 1341 1281 habent

288 1333 434 1386 assequare
453 1333 515 1368 cum
535 1315 614 1368 Drsd.
628 1321 653 1368 2.
690 1317 779 1370 Verba
800 1326 831 1366 tu
851 1315 976 1386 quoniam
992 1313 1086 1366 omissa
1101 1325 1163 1367 sunt
1177 1315 1204 1366 in
1218 1299 1340 1379 Drsdi„

290 1402 413 1471 quoniam
432 1402 460 1455 in
480 1401 551 1456 Gud.
562 1403 595 1455 Α.
608 1414 633 1457 et
646 1402 705 1458 Bes.
742 1402 867 1475 Denique
880 1401 938 1454 Cre.
951 1405 976 1454 1.
994 1401 1073 1455 habet
1084 1403 1259 1473 assequeris.
1280 1402 1308 1452 Μ
1318 1423 1339 1455 r.

360 1507 498 1560 nunquam
516 1490 620 1542 omnino
637 1509 665 1541 es
678 1490 801 1562 futurus
820 1489 905 1555 dives]
930 1488 972 1540 De
990 1488 1085 1540 ordine
1104 1490 1246 1542 verborum
1267 1509 1338 1542 ruen-

290 1596 371 1648 quom
389 1580 492 1630 omnino
510 1576 672 1629 Goerenzius
690 1576 724 1629 ed
743 1574 844 1630 Aoedd.
863 1575 895 1640 ll,
915 1578 941 1640 8,
961 1580 1003 1629 25.
1029 1576 1076 1642 (ad
1097 1576 1174 1628 rerba
1199 1576 1269 1627 nilril
1286 1596 1338 1628 un-

289 1682 370 1736 quam
388 1665 492 1716 omnino
510 1665 603 1736 aget),
632 1664 785 1729 contendit,
811 1681 872 1717 cum
899 1662 926 1713 iu
946 1663 1013 1715 cod.
1032 1662 1088 1715 Eri.
1114 1664 1147 1717 sit
1165 1665 1269 1716 omnino
1287 1684 1337 1715 un-

289 1770 383 1824 quam,
402 1770 463 1804 eum
482 1751 604 1804 ordinem
624 1771 673 1823 per
690 1771 717 1805 se
736 1752 816 1805 unice
835 1769 927 1803 verum
946 1770 1015 1803 esse:
1040 1762 1111 1805 certa
1130 1751 1201 1803 enim
1222 1751 1335 1822 quodam

290 1838 380 1909 regula
398 1838 529 1909 praeponi
554 1840 657 1891 omnino
682 1837 767 1892 solere
794 1837 930 1909 particulis
954 1857 1104 1911 nunquam,
1130 1859 1265 1911 anquiren,
1289 1859 1337 1891 us·

289 1944 385 1995 quom,
411 1946 478 1978 non:
508 1926 552 1979 sed
571 1925 617 1978 illo
635 1926 860 1980 Academicorum
880 1926 940 1979 loco
958 1926 986 1977 in
1007 1945 1126 1998 unquam
1157 1926 1266 1997 repetite
1285 1946 1335 1997 po·

288 2014 335 2066 sita
354 2032 380 2065 se
400 2013 535 2079 dubitare,
563 2012 660 2067 collato
688 2014 748 2068 loco
769 2025 876 2078 nostro,
904 2014 949 2066 ubi
979 2014 1043 2065 item
1070 2032 1208 2085 nunquam
1226 2013 1335 2084 repetite

289 2099 412 2170 ponitur:
433 2098 529 2151 habere
549 2109 636 2152 nutem
645 2147 648 2154 .
658 2111 749 2153 nostro
770 2100 831 2154 loco
847 2119 985 2172 nunquam
998 2104 1103 2153 omuino
1121 2102 1230 2173 scriptos
1243 2119 1337 2153 omnes

288 2197 314 2239 et
331 2198 431 2257 septem
451 2206 559 2258 quoque
577 2207 639 2241 suos
659 2189 755 2242 refert:
781 2188 857 2241 ouius
874 2189 974 2241 ordinis
993 2190 1060 2242 ratio
1086 2189 1109 2241 ei
1129 2189 1266 2242 videbatur
1285 2209 1336 2259 po-

288 2273 381 2327 sileio
400 2274 458 2326 soni
478 2274 620 2328 relatione:
646 2275 785 2347 additque:
811 2277 859 2340 „ln
879 2275 919 2328 his
938 2287 1008 2329 certe
1035 2287 1111 2330 caute
1130 2276 1337 2347 circumspecte-

289 2380 342 2432 que
359 2361 517 2435 rersandum
535 2374 589 2430 est,
608 2381 685 2430 cum,
705 2364 744 2416 rel
765 2365 896 2434 probante
914 2364 1021 2435 regula,
1042 2366 1187 2436 peccaris.“
1205 2395 1239 2404 —
1284 2367 1336 2417 Est

288 2468 426 2521 nunquam
444 2450 547 2503 omnino
565 2452 637 2505 eris
656 2452 729 2504 dives
747 2453 776 2505 in
795 2450 861 2506 cod.
880 2456 938 2506 Gru.
959 2456 998 2517 i.;
1023 2473 1051 2506 es
1075 2453 1149 2505 dives
1167 2454 1289 2524 futurus
1306 2453 1334 2505 in

287 2535 366 2590 Drsd.
386 2540 412 2592 5.
439 2537 516 2591 Suer.
541 2538 635 2594 Duisln
653 2539 721 2594 Edd.
741 2542 809 2594 Vict.
836 2540 906 2593 Rob.
923 2539 1015 2611 Steph.
1036 2540 1128 2606 Cem.;
1155 2543 1182 2592 in
1213 2539 1283 2593 Gud.
1303 2539 1334 2592 B.

287 2634 326 2676 est
343 2625 373 2675 si
388 2643 416 2674 es
434 2625 507 2676 dives
518 2626 641 2696 futurus
660 2628 728 2696 (non
748 2628 851 2680 omissis
869 2629 955 2681 verbis
973 2647 1112 2698 nunquam
1130 2629 1255 2693 omnino).
1303 2627 1333 2679 ln

287 2709 408 2762 Drsdd.
427 2710 524 2781 legitur
542 2730 679 2784 nunquam
698 2715 803 2766 omnino
815 2715 894 2786 sies
913 2715 1001 2777 dives,
1026 2715 1087 2779 ubi,
1113 2726 1142 2767 ut
1166 2715 1193 2765 in
1220 2714 1280 2767 Cre.
1300 2718 1334 2780 t.‚

287 2799 365 2871 rerba
383 2797 520 2869 scriptoris
536 2812 672 2854 cesserunt
689 2800 800 2871 glossae.
836 2801 960 2873 Denique
978 2801 1006 2853 in
1020 2800 1098 2870 Drsd.
1108 2806 1134 2854 2.
1153 2801 1250 2871 legitur
1262 2820 1336 2852 nun·

287 2905 367 2958 quern
384 2906 413 2939 es
431 2888 504 2939 dieee
523 2890 626 2941 omniun
638 2890 769 2961 futurus.
805 2889 864 2942 Mr.

357 2979 446 3027 Meam
460 2987 552 3031 nutem
570 2984 695 3049 quoniam
711 2978 854 3046 pecuniam
867 2976 1036 3044 contemnis]
1057 2976 1123 3028 Cod.
1134 2974 1224 3027 Cruz.
1244 2979 1333 3026 Meum

286 3075 377 3116 eutem
387 3066 530 3116 contemnis
544 3066 700 3133 pecuniam,
716 3067 814 3118 omisso
832 3065 965 3136 quoniam.
991 3062 1124 3117 Scribitur
1133 3065 1292 3132 contempnis
1305 3063 1332 3115 in

286 3149 440 3206 Godsuer.
460 3154 562 3206 Vocem
581 3153 620 3203 ad
636 3172 689 3205 orn.
709 3153 776 3207 cod.
797 3151 889 3205 Cend.
927 3152 968 3204 Ad
987 3153 1066 3205 rerba
1085 3163 1126 3204 est
1143 3154 1211 3203 enim
1230 3153 1267 3202 od
1283 3164 1333 3207 etc.

285 3242 393 3312 wyte·
419 3240 499 3294 haec:
525 3240 659 3311 „Elegans
684 3253 723 3295 est
748 3261 810 3295 usus
835 3241 1037 3312 praepositionis
1061 3239 1167 3310 adpro
1188 3240 1332 3291 seeundum

285 3329 431 3397 opinionem
441 3328 525 3399 vulgi,
544 3329 616 3399 quod
635 3341 724 3382 tamen
744 3348 800 3382 uon
819 3329 855 3381 ita
872 3329 1058 3399 frequentetur
1076 3327 1203 3381 aLatinis
1219 3328 1333 3398 scripto-

285 3416 365 3468 ribus.
399 3415 486 3485 Magis
504 3426 616 3470 utuntur
632 3417 746 3488 simplici
764 3415 898 3470 Ablativo:
917 3415 1039 3485 opinione
1056 3416 1160 3488 vulgi.“
1197 3416 1238 3467 nd
1253 3416 1331 3468 rerba

285 3505 473 3556 mediocris-
490 3504 567 3555 nullo
586 3533 620 3544 ·-
639 3506 742 3559 modico
760 3503 846 3558 idem:
871 3502 937 3571 „Est
955 3503 1061 3574 elegans
1078 3502 1199 3574 gradatio
1218 3504 1245 3555 in
1264 3503 1332 3556 boc:

286 3591 435 3648 mediocris,
453 3590 545 3648 nullo,
564 3592 676 3644 modico.
694 3576 727 3633 ..¹
774 3592 917 3644 Mediocris
936 3601 961 3644 et
979 3592 1056 3642 nullo
1074 3592 1191 3644 reiertur
1208 3591 1241 3643 ad
1263 3590 1331 3643 alio-

285 3696 345 3730 rum
364 3679 532 3749 opinionem:
550 3678 604 3733 Sed
622 3679 737 3733 eliorum
756 3681 849 3751 opinio
874 3681 907 3732 de
928 3680 1024 3733 nostris
1049 3680 1149 3732 divitiis
1170 3679 1234 3732 nihil
1254 3680 1330 3744 volet,

286 3765 347 3837 quin
368 3782 418 3818 nos
438 3777 493 3818 tum
512 3767 620 3821 demum
639 3788 730 3822 sumus
748 3768 854 3835 divites,
883 3770 903 3821 si
929 3780 1020 3821 nostro
1038 3768 1137 3821 iudicio
1164 3770 1225 3821 sotis
1249 3768 1331 3820 liobe-

286 3874 361 3924 mus,
379 3867 405 3908 et
420 3855 510 3910 divites
528 3877 577 3911 nos
593 3876 741 3912 censemus.
780 3859 915 3910 Modicum
934 3868 1022 3911 autem
1042 3868 1080 3911 est
1098 3858 1139 3921 id,
1171 3857 1243 3928 quod
1262 3876 1331 3909 con-

286 3947 355 3998 venit
373 3957 464 3998 nostro
483 3947 577 4012 modo,
603 3948 629 3999 id
648 3959 685 4000 est
709 3958 814 4000 nostrae
831 3946 1039 4016 magnitudini.“
1083 3943 1211 3997 Similiter
1238 3943 1332 3997 distin-

286 4037 342 4106 guit
360 4033 416 4089 Cic.
433 4036 468 4087 de
491 4035 557 4104 Rep.
576 4035 606 4099 ΙΙ,
624 4041 672 4090 31:
700 4039 789 4087 Haud
812 4039 1000 4090 mediocris
1028 4037 1069 4088 vir
1092 4035 1167 4104 fuit,
1196 4034 1244 4104 qui
1271 4052 1333 4083 mo-

287 4125 363 4174 dica
381 4124 507 4194 libertate
523 4124 621 4190 populu
640 4125 707 4174 clota
720 4126 840 4193 facilins
852 4128 940 4178 tenuit
955 4124 1146 4176 auctoritatem
1161 4123 1331 4193 principum

288 4226 342 4263 non
372 4209 509 4278 distinguit
534 4198 574 4259 iuv
590 4208 666 4262 Oret.
686 4215 736 4275 29,
756 4215 822 4265 101:
858 4215 993 4285 Eloquens
1019 4242 1053 4252 —
1078 4232 1177 4284 magne
1200 4212 1331 4281 graviter,
