3059 4925
320 472 375 520 xv!
481 472 580 520 ruunt
604 471 786 519 APPAMWB
813 471 930 519 CRfflGi
957 473 998 518 ΑΙ)
1021 473 1204 521 rnusooxt.

319 642 409 685 notata
427 631 574 704 (quemvis,
604 641 634 684 ut
651 630 717 697 diri,
743 629 891 683 nonnullae
910 623 1094 698 omittantur),
1120 648 1200 702 quam
1225 649 1281 683 non
1299 630 1370 684 erhi-

319 719 494 786 beneditio,
523 719 556 772 de
583 735 635 789 qua
660 735 742 788 supro
770 717 882 770 diximus
906 716 994 786 primo
1019 715 1089 770 ioco.
1139 716 1222 785 Quod
1248 717 1269 769 si
1296 718 1370 787 prius

319 807 570 871 animadvertissem,
589 823 645 858 non
663 805 728 858 duas
746 824 802 857 esee
820 804 955 857 dixisseme
973 822 1057 870 nunc,
1077 822 1161 875 quum
1179 822 1235 856 non
1255 803 1370 874 amplius

318 896 346 946 in
366 893 489 947 manibus
507 895 540 946 sit
558 910 633 945 meus
650 891 731 957 liber,
750 892 796 945 eed
814 892 867 944 iam
886 891 919 945 ad
938 890 1113 962 bibliopolam
1132 891 1307 955 transmissor,
1326 890 1368 944 hic

319 983 437 1052 ingenue
454 979 559 1046 dicere,
578 998 659 1051 quem
677 978 783 1033 silentio
801 997 924 1051 premere
943 978 1025 1031 malui
1037 980 1068 1044 ').

360 1113 395 1199 b)
417 1112 601 1196 Editiones
625 1114 896 1180 Paradoxorum
917 1114 1002 1179 aliie
1027 1114 1202 1182 Ciceronis
1224 1115 1326 1181 librie

758 1216 925 1284 additaee

344 1370 349 1380 ·
371 1341 397 1389 t.
418 1337 526 1389 Tullius
539 1336 571 1387 de
583 1337 687 1405 Officiis
704 1351 764 1387 eum
776 1336 972 1389 commentariis
982 1338 1060 1390 Petri
1069 1341 1102 1390 Μ
1110 1338 1184 1391 arsi
1200 1339 1310 1408 eiusque
1324 1357 1367 1389 re·

317 1425 515 1497 cognitione-
534 1423 628 1478 insunt
637 1434 774 1496 praeterea
783 1422 946 1475 Paradene:
961 1425 994 1476 de
1003 1426 1150 1478 Amicitia:
1169 1426 1201 1475 ‹te
1211 1431 1366 1478 Senectute:

318 1531 380 1565 cum
398 1511 588 1583 interpretibus
606 1513 666 1565 suin
683 1540 719 1551 -
760 1512 791 1564 Ιιι
809 1511 876 1564 fine:
904 1515 1067 1580 Impressum
1098 1515 1217 1568 Veneriis
1232 1533 1281 1584 per
1299 1520 1367 1567 Ber-

316 1601 460 1652 nardr'num
478 1599 510 1650 de
529 1599 622 1651 Ultoris
640 1600 672 1650 de
690 1602 817 1651 Cremona
843 1616 947 1650 summa
976 1617 1042 1651 cura
1068 1617 1101 1650 ac
1128 1601 1251 1672 diligenti
1275 1603 1367 1653 eradio

316 1692 398 1742 Anno
429 1690 527 1741 domini
554 1691 762 1745 MGCCOXGII,
793 1688 835 1738 die
860 1690 995 1741 XXIIII.
1022 1691 1125 1740 Mensis
1151 1690 1259 1742 Martii.
1283 1690 1303 1741 s.
1328 1708 1365 1742 m.

315 1774 540 1848 complectuntur
556 1776 705 1827 Paradoxa
725 1785 826 1847 septem
845 1773 917 1826 solia.
967 1775 1031 1829 Post
1058 1775 1183 1846 quintum
1209 1775 1367 1830 Paradoxon

314 1864 489 1917 videturesse
507 1862 582 1916 finis:
604 1862 703 1933 iegitur
721 1862 809 1913 enim:
837 1860 959 1929 Explicit
976 1860 1057 1912 Liber
1079 1863 1111 1911 de
1130 1863 1264 1914 Amicitia
1287 1873 1314 1913 et
1334 1865 1367 1913 de

313 1955 455 2003 Senectute
472 1961 500 2001 et
517 1951 750 2002 Paradoxerum.
783 1947 940 2017 Regietrum
957 1957 1006 2000 etc.
1047 1947 1101 2000 sed
1119 1949 1290 2019 sequentibus
1315 1970 1365 2021 pa·

313 2039 382 2109 ginis
400 2038 503 2091 duabus
519 2037 627 2089 additur
643 2046 764 2100 matum,
782 2034 840 2086 eine
858 2035 1067 2102 commentario,
1086 2037 1161 2107 quasi
1180 2048 1238 2107 post
1257 2038 1365 2090 absolu·

313 2138 370 2179 tum
392 2142 459 2195 opus
477 2133 623 2193 repertum.
659 2123 731 2174 Tum
749 2121 858 2174 demum
877 2133 1026 2194 sequuntur
1044 2143 1087 2191 ee,
1109 2119 1178 2196 quae
1196 2145 1245 2177 nos
1263 2127 1290 2178 in
1311 2126 1364 2179 srne
1467 2193 1474 2200 x

313 2211 374 2266 iibri
386 2231 441 2266 esse
452 2212 571 2265 diximus.
606 2210 705 2264 Habuit
723 2210 792 2264 hanc
801 2210 945 2263 editionem
961 2212 1040 2264 etiam
1052 2210 1083 2264 C.
1101 2211 1258 2278 Beierus‚
1279 2232 1363 2284 quum

313 2300 404 2353 ederet
423 2299 506 2352 libros
530 2299 563 2351 de
581 2296 694 2352 Officiis.
736 2298 798 2350 Vid.
827 2297 884 2350 eius
907 2297 955 2351 Ed.
973 2298 1006 2352 T.
1024 2299 1057 2351 H.
1086 2318 1112 2370 p.
1131 2304 1192 2355 448.
1218 2300 1364 2364 N.14.“)

314 2385 440 2440 Ceterum
459 2397 485 2440 et
503 2385 573 2440 hanc
591 2386 749 2451 editionem,
768 2396 795 2438 et
812 2401 920 2452 omnes,
939 2404 1005 2457 quas
1024 2405 1079 2440 non
1097 2389 1207 2441 aliunde
1223 2409 1266 2442 me
1285 2409 1363 2443 acce-

312 2477 381 2547 pisse
399 2475 467 2541 dixi,
498 2494 581 2547 quum
599 2476 627 2528 in
645 2474 711 2527 meis
732 2475 788 2528 sint
806 2473 893 2541 libris,
919 2474 974 2546 ipse
992 2476 1091 2548 inspexi
1110 2488 1136 2531 et
1159 2497 1209 2549 per
1226 2488 1310 2531 totum
1331 2479 1362 2531 ii-

312 2563 412 2617 belium
432 2562 542 2617 contuli.

378 2656 403 2705 2.
432 2650 524 2701 Marci
542 2649 628 2715 Tullii
639 2650 773 2702 Ciceronis
784 2653 871 2720 Opera
883 2652 915 2702 de
925 2652 1042 2719 Officiis:
1061 2653 1093 2703 de
1101 2652 1251 2706 Amicitia:
1270 2654 1302 2704 de
1313 2658 1365 2706 Se·

312 2748 435 2789 nectute:
453 2735 571 2788 eiusdem
587 2737 744 2789 Paradoxa.
788 2740 854 2788 Cum
872 2740 930 2791 suis
947 2741 1143 2792 commentariis
1161 2759 1217 2791 una
1235 2759 1295 2792 cum
1307 2742 1362 2811 fn·

242 2887 245 2892 ,
312 2825 413 2877 miliari
429 2824 619 2894 explanatione
636 2824 722 2893 ipsius
739 2826 832 2877 Iodoci
849 2827 932 2877 Badii
950 2827 1129 2879 Ascensii:
1148 2828 1360 2881 adiunctoeiue-
1396 2869 1406 2887 .

312 2915 369 2964 dem
390 2911 515 2965 Asceneii
538 2911 567 2963 in
590 2912 739 2963 Paradoxa
767 2930 837 2966 nova
860 2915 1024 2984 expositione
1050 2915 1200 2983 nuperrime
1224 2915 1360 2981 absolute,

311 3016 358 3050 nec
376 2999 448 3051 aliae
467 3007 518 3049 aut
536 2997 654 3049 antehac
671 3002 934 3070 usquamirnpreeea,
945 3030 980 3041 -
999 3002 1150 3053 Parriieir'e
1162 3005 1240 3055 tout.
1253 3002 1357 3067 im.-

311 3086 419 3139 Latinae
436 3083 636 3137 Paradororum
664 3085 851 3157 inscriptiones
874 3088 983 3142 desunt:
1010 3088 1130 3142 Graecae
1155 3090 1254 3143 Latinis
1271 3090 1363 3144 litteris
1390 3153 1395 3161 ,

311 3183 442 3240 exaratae,
460 3172 504 3225 eed
524 3170 669 3225 admodum
689 3174 842 3229 mendosae.
883 3176 929 3230 Sic
956 3176 1094 3249 inscriptio
1121 3178 1210 3249 quarti
1236 3188 1287 3231 est:
1316 3180 1363 3228 Oti

309 3261 412 3329 pandee
431 3260 441 3311 i
458 3260 525 3312 mori
542 3260 719 3329 cpnnissonde.
756 3261 837 3316 Couf.
856 3262 942 3317 Beier.
961 3264 979 3318 Ι.
998 3283 1022 3319 c.
1043 3285 1069 3335 p.
1086 3268 1149 3319 449.
1167 3265 1199 3318 Ν.
1219 3269 1262 3320 tt.

381 3350 407 3402 3.
442 3348 540 3416 Officia
557 3358 585 3399 et
606 3349 638 3399 de
655 3349 802 3401 Amicitia:
835 3352 866 3402 de
885 3355 1027 3403 Senectute
1048 3362 1076 3402 et
1092 3353 1248 3405 Paradoxa.
1268 3356 1307 3406 M.
1330 3357 1359 3406 Τ.

312 3434 457 3487 Ciceronis:
495 3452 513 3486 a
539 3434 677 3487 Desiderio
707 3438 821 3488 Ernsmo
845 3438 1024 3490 Boterodamo
1050 3437 1192 3511 diligenter
1217 3438 1360 3492 adnotata.

381 3650 409 3719 *)
426 3650 551 3715 Accedit,
571 3653 644 3725 quod
664 3653 701 3706 itti
720 3654 810 3709 libello
828 3657 1059 3729 Heidelbergensi‚
1088 3669 1209 3729 separato
1232 3669 1258 3711 et
1276 3678 1360 3730 pecu-

310 3720 368 3774 tiari
388 3720 478 3787 titulo,
498 3721 577 3775 nuliis
595 3724 754 3795 paginarum
774 3730 906 3796 numeris,
925 3730 968 3782 sed
988 3729 1155 3801 pinguiarum
1175 3728 1267 3781 litteris
1284 3730 1359 3782 addi-

311 3803 353 3844 tus
372 3802 409 3845 est
431 3791 533 3845 iibelius
552 3794 583 3843 de
600 3797 756 3862 Senectute,
776 3799 869 3851 decem
889 3811 914 3853 et
932 3812 1033 3872 septem
1053 3801 1122 3854 soliis
1134 3811 1266 3863 constans,
1285 3802 1357 3872 quod

312 3864 390 3934 piane
410 3861 445 3916 ita
463 3881 518 3916 esse
537 3863 564 3916 in
583 3863 653 3919 libro
669 3866 789 3938 Spirensi
808 3871 890 3923 refert
907 3871 1099 3925 Huttenus:
1127 3890 1177 3923 nos
1201 3871 1306 3923 veroin
1326 3891 1359 3924 eo

311 3953 422 4018 quoque
440 3934 547 4018 easdem
563 3936 647 4019 pariae
673 3937 801 4021 iectiones
819 3954 936 3996 enotatas
960 3943 1124 4013 reperimus,
1151 3961 1217 4012 quas
1240 3941 1359 3994 Hutte-

309 4025 376 4128 nuls¹
389 4023 499 4128 mdisplrpg
522 4025 570 4059 rusi
589 4008 739 4079 quodrtem
758 4013 902 4067 nonnullas
918 4013 952 4066 ab
971 4031 1003 4065 eo
1022 4031 1076 4066 non
1102 4011 1296 4065 animadversas
1312 4013 1358 4066 de·

311 4097 357 4148 ple
378 4096 421 4216 3¹⁴¹)
439 4114 536 4199 Deeise
555 4147 635 4201 etiam
664 4150 745 4204 refert
770 4152 923 4207 Paradoxon
953 4162 1051 4205 sertum
1071 4150 1091 4205 l.
1110 4150 1130 4206 Ι.
1150 4152 1182 4206 G.
1201 4152 1359 4206 Schelle-

276 4273 278 4277 ,
310 4236 367 4270 rus
384 4217 472 4283 (oon.
492 4219 520 4296 in
536 4220 639 4287 priscos
657 4224 815 4292 scriptores,
834 4244 860 4294 p.
878 4227 954 4290 atu)
969 4224 997 4276 in
1017 4224 1086 4277 Edit.
1107 4226 1174 4278 Ven.
1193 4229 1271 4278 1198.
