3059 4925
129 2844 142 2868 ⁴
254 2853 308 2927 „et
333 2851 431 2915 beata
463 2851 612 2915 ubertate
638 2856 671 2915 et
705 2852 904 2917 amoenitate
936 2854 1176 2936 seprienses?
1225 2853 1302 2921 fied

268 433 327 478 vlll
697 433 888 480 nauseante.

268 580 435 681 professus
461 619 544 666 som.
608 600 645 663 ln
683 600 903 680 singularibus
936 605 1062 678 antem,
1094 602 1123 665 si
1147 618 1214 682 qua
1239 603 1315 666 sunt

267 719 403 783 editioni
428 736 542 796 meae,
581 720 784 790 ornamentis
820 738 912 801 pono
944 723 1100 802 exoerpta
1124 689 1314 784 scholarum

265 836 305 900 D.
331 836 592 917 Wyttenlsaelsii,
635 853 700 916 quo
734 837 808 901 viro
840 838 1019 903 immortali
1053 854 1113 920 per
1147 837 1313 916 integrum

265 955 334 1019 lere
360 972 483 1021 annum
507 958 721 1037 praeeepmre
744 971 825 1020 usus
849 972 924 1022 sum
947 955 1079 1021 Leidae.
1132 952 1232 1019 Cuius
1250 953 1312 1017 viri

264 1075 459 1139 memoriam
485 1091 587 1156 quum
613 1075 736 1160 reeolo,
762 1075 893 1140 animus
909 1074 1098 1140 dulcissima
1122 1072 1210 1140 illius
1227 1076 1312 1138 tem·

264 1192 353 1273 poris
376 1193 608 1258 reeordatione
625 1192 769 1259 suaviter
792 1197 1123 1276 commoreturque
1147 1190 1230 1260 nulli
1251 1190 1311 1266 rei,

263 1311 332 1392 nisi¹
350 1311 482 1389 litteris,
517 1312 627 1377 vivere
652 1312 733 1376 milti
758 1312 867 1391 licuit,
905 1329 973 1393 quo
993 1309 1133 1402 florebat
1158 1312 1190 1374 et
1215 1308 1309 1372 inve-

233 1448 342 1494 ·num
375 1429 611 1495 liberalissimis
644 1428 760 1494 studiis
795 1435 828 1495 et
863 1430 1034 1500 hominum
1068 1425 1310 1494 existimatione

263 1549 462 1630 antiquitatis
498 1547 687 1629 disciplina,
723 1564 790 1631 quo
819 1548 1016 1616 humanitati
1044 1564 1106 1614 sua
1137 1543 1310 1612 constabat

260 1668 349 1744 laus,
380 1684 440 1730 sua
475 1664 631 1746 dignitas,
666 1683 762 1732 suum
798 1666 958 1747 pretium,
994 1682 1061 1746 qno
1095 1681 1138 1730 ne
1163 1663 1308 1745 suspioio

261 1781 393 1865 quidem
418 1787 490 1847 erat
512 1783 586 1848 lore
620 1783 817 1866 aliquando,
851 1790 902 1863 ut,
938 1799 1025 1867 quae
1054 1788 1125 1850 toto
1161 1784 1307 1864 amplexi

260 1918 407 1967 essemus
432 1905 576 1983 pectore,
602 1903 751 1983 plerique
777 1900 971 1980 fastidirent,
993 1917 1176 1984 eorumque
1191 1903 1306 1968 interi·

258 2024 327 2084 tum
353 2020 377 2084 ii
403 2037 535 2102 quoque
561 2018 673 2083 animo
699 2025 732 2083 et
753 2036 814 2085 ere
840 2022 1075 2103 praesagirent,
1100 2023 1156 2103 qui
1179 2038 1221 2086 ea
1245 2040 1305 2104 per

257 2138 377 2202 multos
400 2153 506 2202 annos
521 2138 584 2219 ipsi
600 2138 788 2204 ooluissent
838 2138 890 2204 Ex
904 2141 968 2208 illis
989 2141 1089 2222 tatur
1108 2141 1231 2208 scholis
1243 2159 1305 2208 ex·

219 2299 224 2304 -
258 2256 380 2336 serpsi,
416 2273 502 2336 quae
525 2275 544 2320 e
569 2275 606 2321 re
632 2258 705 2323 lore
730 2259 975 2339 existimabam,
1013 2261 1145 2326 memor
1175 2277 1303 2342 eorum,

257 2390 342 2455 qnae
367 2375 496 2455 scripsit
523 2372 703 2444 creuzeres
724 2377 759 2442 in
783 2378 990 2459 praelatione
1015 2380 1168 2446 editionis
1193 2382 1303 2448 maio-

256 2494 301 2557 ris
322 2495 485 2561 librorum
506 2495 547 2560 de
568 2495 693 2563 Natura
714 2496 882 2565 Deorum:
916 2498 1014 2578 „Quo
1046 2501 1151 2581 magis
1178 2490 1303 2580 gaude·

256 2630 350 2690 „mus
368 2630 468 2695 posse
484 2615 651 2694 lentorem,
678 2615 855 2681 distentum
876 2616 1156 2699 defatigatumque
1173 2618 1302 2685 insuavi

255 2732 469 2806 „traotatinne
494 2736 627 2810 nostra,
653 2733 687 2797 in
713 2733 902 2811 scholarum
931 2735 1303 2816 Wpttenbaohianarum

253 2968 287 3030 in
313 2967 364 3033 his
386 2968 485 3035 nobis
510 2985 643 3050 quoque
669 2970 945 3049 acquiescendum
967 2973 1038 3053 erit,
1059 2974 1200 3038 neillius
1217 2978 1302 3039 tem-

253 3085 343 3166 poris
370 3098 446 3149 enm
470 3090 585 3151 nostro
610 3089 859 3169 eomparatiene
874 3089 1066 3157 instimtain
1085 3092 1302 3159 vernismale

253 3203 406 3269 ominatis
431 3203 557 3271 desinat
575 3205 659 3270 haeo
683 3207 856 3286 praelatio.
1084 3217 1087 3222 ·

301 3352 491 3423 scribebam
511 3350 645 3437 Ulmae,
672 3356 828 3425 Kalendis
853 3361 940 3443 Sept.
967 3379 996 3427 a.
1017 3342 1256 3432 MDCCCXLV.
