3059 4925
281 441 356 515 216
617 465 790 513 amnon
814 463 1009 513 srotnneou.

280 624 335 677 rios
361 622 481 694 Linguae
509 621 643 688 Graecae,
673 621 718 675 ubi
749 621 783 675 de
801 620 842 674 bis
866 623 991 676 formulis
1014 621 1130 694 disputat
1159 643 1187 694 p.
1203 611 1274 678 liii
1293 644 1334 694 sq.

281 711 333 768 Ed.
356 707 435 765 Basil.
461 713 540 765 1556.
566 709 585 763 f.
612 729 647 765 m·
691 710 761 765 cum
787 708 820 761 de
844 709 960 763 formula
985 729 1038 763 aaa
1062 711 1139 763 morlo
1157 738 1205 773 -‚
1232 711 1281 763 sed
1296 739 1334 752 -·

281 819 347 864 nau,
371 809 399 852 et
421 796 552 852 similibus
576 797 631 850 iarn
654 795 716 851 satie
732 813 868 867 superque
886 796 1048 868 disputatum
1068 797 1102 849 eit
1125 815 1187 850 enai
1206 794 1235 848 in
1258 795 1332 849 libris

281 884 473 957 grammaticis,
500 895 555 938 tum
575 884 603 938 in
622 880 821 937 commentariis
847 882 881 935 ad
904 884 1046 954 scriptores
1070 893 1187 948 veteres,
1218 883 1331 936 sulliciet

281 974 390 1028 laudare
409 972 554 1042 Reisigium
571 972 601 1025 in
620 972 703 1036 libro,
738 971 785 1042 qui
809 970 964 1025 inscribitur
990 970 1178 1042 Vorlesungen
1209 971 1255 1023 iib.
1273 969 1328 1022 Lat.

280 1060 452 1132 Spraebwiss.
474 1057 500 1129 5
517 1062 570 1117 249
587 1078 628 1129 aq·
653 1078 679 1129 p.
699 1061 866 1113 tot-43⁶.
892 1059 959 1130 ibiq.
986 1058 1016 1110 F.
1042 1057 1130 1111 Haasii
1153 1068 1245 1111 annot.
1268 1062 1328 1111 42⁰.

281 1148 315 1201 G.
334 1149 366 1200 Τ.
384 1149 418 1202 Α.
441 1147 556 1218 Kriiger.
575 1145 697 1199 Gramen.
720 1145 746 1201 d.
772 1146 829 1199 Lat.
849 1144 911 1217 Spr.
933 1145 967 1201 T.
985 1144 1019 1200 ll.
1043 1143 1068 1216 5.
1086 1148 1148 1198 542.
1174 1164 1202 1215 p.
1219 1147 1272 1198 teo
1288 1163 1327 1215 sq.

252 1252 255 1261 ⁴
280 1234 322 1289 Ad
351 1235 508 1289 sententiam
534 1233 684 1305 Hnttingeri
720 1234 768 1304 (ad
797 1233 855 1290 Cic.
884 1235 930 1289 de,
945 1233 1006 1288 Dis.
1030 1230 1052 1298 l,
1071 1231 1130 1300 56.)
1155 1231 1329 1287 Gerebardus

280 1320 343 1376 dicit
362 1333 454 1380 nostro
473 1321 534 1377 loco
554 1321 634 1375 verba
651 1321 791 1375 habendus
811 1340 864 1375 non
882 1323 935 1375 erit
953 1321 987 1375 ad
1013 1332 1158 1392 utrumque
1176 1320 1328 1373 membrum

283 1409 433 1478 pertinere,
449 1409 498 1462 sed
514 1407 684 1480 graiiuspro
701 1410 849 1462 sedetiam
867 1410 962 1481 posito.
998 1406 1057 1480 lpse
1075 1419 1164 1461 tannen
1183 1408 1282 1462 rectius
1293 1408 1328 1462 ita

280 1494 424 1549 dicendum
443 1506 533 1567 putat,
566 1496 680 1551 duarum
705 1497 940 1551 constructionum
964 1494 1123 1550 confusione
1148 1497 1249 1550 facturn
1267 1514 1328 1557 esse,

280 1593 309 1636 nt
325 1581 384 1641 Cic.
402 1585 450 1641 ssd
465 1583 533 1637 iiber
551 1613 586 1623 -
604 1585 709 1637 omno
725 1603 778 1636 aaa
796 1585 939 1651 scriberet,
958 1602 1021 1638 cnm
1040 1593 1100 1654 post
1117 1602 1170 1635 non
1187 1583 1329 1637 modeim-

276 1681 388 1738 perator
407 1683 570 1743 exspectares
584 1672 632 1723 sed
648 1691 681 1725 nr
699 1671 765 1724 liber
784 1672 898 1744 quidem.
943 1671 1070 1725 Ceterum
1088 1670 1153 1725 illud
1176 1688 1229 1723 non
1254 1671 1328 1722 neoda

279 1758 567 1812 isonenotavitetiam
586 1758 636 1812 Or.
653 1778 682 1813 ex
700 1760 750 1814 Ed.
769 1759 853 1813 Suttr.
871 1760 953 1816 Petri.
989 1758 1049 1812 Mr.
1096 1794 1098 1797 -

350 1847 398 1902 aed
413 1846 480 1898 iiber
497 1845 636 1900 dedendus
654 1847 758 1899 omnino
776 1866 829 1899 non
846 1847 920 1915 crib]
957 1846 1030 1913 „Sed
1045 1864 1114 1899 amu.
1131 1843 1178 1897 lib.
1196 1842 1258 1896 hab.
1276 1861 1329 1894 nou

277 1932 340 1996 erit,
360 1932 584 2004 quattuordecim.
620 1934 674 1987 Sed
700 1934 768 1987 liber
794 1935 898 1991 omnino
915 1954 968 1988 non
992 1934 1058 1997 erit,
1076 1950 1156 1986 unus.
1205 1930 1260 1981 Sed
1282 1927 1328 1982 lid.

277 2019 340 2071 dab.
353 2020 429 2073 moda
440 2021 564 2085 nouerit,
583 2023 681 2074 unus.“
698 2020 737 2073 ΑΙ
746 2021 772 2074 d.
791 2020 877 2076 Man.
914 2022 969 2073 Sed
982 2031 1017 2072 et
1036 2019 1111 2072 liber
1121 2017 1189 2071 Cod.
1199 2017 1272 2070 Gud.
1283 2017 1329 2078 ets

278 2106 447 2158 sedetiam
465 2106 531 2158 liber
549 2105 650 2172 Os.L;
667 2108 800 2162 sedlitm
818 2111 955 2182 quidem
973 2106 1172 2171 eab.01.F.;
1199 2106 1246 2159 seri
1263 2106 1329 2157 liber

167 2238 171 2253 .
278 2192 374 2245 hamo
393 2191 456 2247 bad.
474 2195 533 2247 Cra.
552 2197 594 2258 l.;
614 2195 642 2249 in
659 2195 738 2249 Drsd.
754 2201 781 2250 2.
807 2209 845 2253 est
863 2199 969 2250 ommno
991 2195 1147 2255 babendum
1179 2194 1207 2248 in
1227 2193 1278 2249 Os.
1296 2193 1326 2246 E.

277 2279 351 2341 deest
369 2280 481 2335 omniuo.
499 2279 531 2332 M
538 2301 560 2334 r.
579 2311 614 2323 -
650 2282 794 2352 Graevius,
819 2286 865 2358 qui
884 2285 913 2338 in
931 2295 1002 2339 testu
1020 2282 1140 2348 exbibet,
1168 2282 1241 2353 quod
1269 2301 1327 2345 nos,

278 2366 306 2419 in
326 2365 464 2432 lemmate,
489 2369 580 2423 neruo
599 2370 683 2435 unde,
705 2372 811 2443 scripsit
827 2373 876 2426 sed
891 2372 958 2424 liber
982 2372 1121 2427 asinino
1146 2367 1327 2421 debendus

278 2474 330 2507 uon
349 2466 418 2517 σου
447 2455 525 2529 eique
543 2457 614 2514 banc
638 2460 841 2516 annotationem
860 2460 985 2515 subiecit:
1013 2456 1147 2531 „Egregie
1166 2454 1328 2512 Claudianus

278 2542 325 2597 tv,
343 2543 454 2598 Consul.
472 2544 586 2600 Honorii

393 2635 435 2683 Tu
453 2632 516 2684 licet
535 2643 667 2687 extremos
685 2634 742 2687 late
761 2636 892 2689 dominere
907 2655 958 2705 per
975 2635 1068 2690 Indos·

394 2720 430 2768 Te
449 2718 561 2777 Medus,
580 2730 607 2772 te
625 2721 712 2774 aeoliis
730 2722 839 2780 Arabs.
857 2732 884 2774 te
901 2725 979 2775 Seres
997 2721 1125 2775 adorent.-

390 2802 421 2854 Si
439 2806 550 2870 melicis,
567 2807 592 2857 si
605 2823 695 2876 prava
714 2810 806 2879 cupis,
824 2809 849 2864 si
867 2809 972 2862 duceris
988 2810 1045 2873 ira,

389 2893 499 2946 Servitia·
513 2894 619 2963 pariere
633 2894 748 2967 iugum,
767 2896 894 2950 tolerabis
907 2896 1016 2969 iniquas

391 2980 512 3034 Interius
529 2982 608 3053 leges.
626 3009 663 3023 -
770 3038 774 3044 ,

277 3062 427 3122 Ettromota
445 3068 597 3123 servitutem
622 3081 698 3126 vocat
716 3069 844 3125 Boe'tbius
862 3073 896 3126 V.
915 3071 948 3125 do
965 3069 1102 3126 Consolat.
1128 3069 1225 3124 Pbilos.
1252 3091 1276 3125 c.
1293 3074 1328 3124 2:

275 3155 408 3208 Extrerua
426 3165 467 3208 est
481 3156 617 3221 servitus,
642 3176 701 3210 eum
727 3157 832 3211 animae
861 3160 1010 3225 humanae,
1037 3159 1113 3211 uitiis
1135 3158 1255 3222 detlitae,
1278 3176 1325 3208 ra-

277 3242 358 3296 tionis
373 3243 499 3312 propriae
514 3245 680 3314 possessione
697 3246 860 3301 eruderant.
896 3236 956 3300 vid.
975 3245 1006 3299 C.
1018 3245 1157 3302 Bartbium
1177 3243 1241 3297 olim
1260 3243 1325 3296 ado-

277 3329 419 3384 lescentiae
442 3342 548 3386 nostrae
572 3332 705 3387 fautorem
732 3333 760 3386 in
784 3336 855 3390 nnis
876 3336 910 3390 ad
936 3336 963 3388 d.
982 3334 999 3389 l.
1023 3333 1193 3392 Claudiani.⁴‘
1240 3333 1327 3386 Locus

276 3414 417 3472 Claudiani
434 3429 473 3472 est
498 3438 519 3470 v.
537 3421 701 3474 lbi-261.
726 3441 752 3492 p.
773 3425 834 3476 102.
860 3421 957 3488 Gesn.3
984 3420 1086 3475 Bartbii
1111 3429 1203 3473 annot.
1222 3417 1272 3470 sid.
1298 3416 1326 3469 in

276 3502 308 3572 ej.
333 3504 395 3560 adit.
419 3524 445 3575 p.
466 3507 628 3559 oet-tea.
650 3506 737 3561 Locus
764 3507 867 3563 Bo‘e'tbii
886 3521 925 3564 est
949 3510 977 3563 in
995 3508 1044 3563 Ed.
1063 3508 1149 3581 Lugd.
1169 3507 1226 3561 Bat.
1245 3510 1324 3562 1618.

277 3609 303 3658 p·
323 3591 383 3646 239.
419 3589 501 3646 Addit
519 3591 621 3647 Garnb.
638 3593 731 3649 Horat.
749 3598 868 3651 Carnum.
885 3598 917 3667 ll,
938 3604 964 3665 2,
983 3602 1000 3652 u
1019 3616 1077 3668 sqq.
1115 3595 1175 3648 Mr.

347 3679 492 3730 Praeclare
520 3680 590 3733 enim
612 3692 654 3736 est
680 3685 730 3738 hac
758 3697 923 3755 usurpatum
951 3704 970 3737 a
999 3683 1158 3737 doctissimis
1167 3685 1185 3751 ,]
1231 3681 1326 3747 „Enim

277 3783 370 3816 ontnes
388 3765 449 3818 mei.
483 3770 576 3819 Etiam
595 3789 645 3841 pro
662 3772 732 3824 enim
749 3772 842 3826 alias.“
873 3772 947 3826 Alc.
964 3772 1052 3826 Man.
1101 3771 1226 3838 „Stoicos
1254 3770 1325 3824 dicit.

244 3906 248 3912 ,
276 3851 385 3923 Alioqui
403 3852 570 3909 doctissimos
589 3856 711 3913 homines
729 3861 846 3932 appellat
865 3865 963 3935 po'e‘taq
985 3872 1015 3915 ut
1033 3879 1083 3931 pro
1103 3859 1206 3913 Milone
1225 3858 1324 3927 [3,8]2

276 3940 338 3991 Non
354 3940 411 3993 siae
430 3958 514 3994 causa
525 3944 606 4012 fictis
618 3946 728 4017 sabulis
747 3950 894 4004 doctissimi
912 3951 1030 4002 bonane-s
1046 3948 1185 4002 memoriae
1200 3947 1324 4016 prodide-

275 4033 366 4082 runt.“
384 4028 406 4080 F
414 4047 458 4084 rc.
476 4029 495 4082 S
501 4031 564 4101 yle.
609 4032 748 4105 ‚,Longior
765 4035 791 4090 b.
811 4037 827 4090 l.
855 4048 895 4090 est
913 4035 1075 4108 parenthesis
1098 4034 1161 4087 inde
1179 4054 1194 4087 a
1213 4052 1325 4104 quorum

277 4116 442 4167 auctoritate
460 4136 544 4188 usque
563 4119 595 4170 ad
620 4120 778 4186 perdidisse.
796 4155 830 4164 -
871 4128 1043 4193 Usurpatune
1067 4134 1106 4180 est
1133 4123 1151 4176 i.
1169 4142 1196 4193 q.
1222 4121 1326 4193 saepius

279 4198 389 4269 dicturo,
407 4202 560 4274 repetitum,
583 4204 789 4277 frequentatum,
809 4209 981 4268 celebratum.
1012 4211 1168 4266 Beatissimi
1185 4221 1249 4264 sunt
1266 4208 1325 4282 pbi-
