3059 4925
280 459 355 533 264
610 482 782 531 rrnlnoxa
809 483 1003 532 suoreonmr.

279 655 356 718 liam
383 655 455 734 quis
489 655 606 727 haben
645 654 785 734 pecunia
827 658 876 718 est
911 672 1012 737 opus:
1046 657 1145 731 duas3
1184 658 1329 722 maiore:
1515 620 1521 655 ⁴

277 793 406 873 plurem
429 792 557 856 maiore
583 792 692 859 etiam,
743 792 785 855 Et
810 794 855 870 si,
882 797 917 856 ut
942 794 1033 857 aiunt
1058 794 1197 872 Danao,
1233 795 1330 875 quin-

278 927 433 1010 quaginta
459 928 523 991 sint
545 928 648 1003 filiae;
684 931 733 991 tot
766 927 859 990 dotes
885 945 1040 1008 magnam
1060 932 1235 1009 ¹quaerunt
1269 946 1329 1009 pe-

277 1066 418 1130 cuniam.
472 1065 639 1145 Quantum
665 1034 898 1148 euimcuique
926 1083 1009 1147 opus
1036 1071 1102 1143 est,
1134 1066 1177 1130 ad
1210 1066 1244 1129 id
1272 1083 1329 1128 ac-

278 1200 524 1276 commodatur,
554 1206 589 1264 ut
624 1208 699 1297 ante
725 1202 814 1280 dixi,
849 1202 1036 1266 divitiarum
1069 1200 1198 1264 modus.
1263 1199 1329 1278 Qui

276 1333 376 1414 igitur
399 1351 467 1398 non
494 1334 578 1398 litias
603 1336 732 1415 plures,
768 1335 828 1398 sed
851 1317 1110 1399 innumerabiles
1134 1334 1328 1415 cupiditates

277 1470 393 1548 habet,
430 1490 515 1553 quae
542 1473 634 1536 brevi
668 1476 818 1553 tempore
856 1473 1019 1536 maximas
1052 1472 1165 1554 copias
1199 1470 1328 1536 exhau-

67 1602 70 1609 “
158 1578 161 1581 ’
277 1605 343 1668 rire
369 1607 512 1686 possiut3
549 1608 637 1671 hunc
664 1608 859 1688 quomodo
886 1624 949 1687 ego
976 1607 1151 1689 appellabo
1184 1606 1327 1682 divitem,

266 1756 379 1839 ¹quum
405 1740 475 1821 ipse
501 1759 598 1822 egere
623 1760 660 1806 se
685 1743 827 1806 sentiat?
878 1742 980 1811 lllultl
1001 1761 1044 1806 ex
1077 1749 1109 1806 te
1144 1742 1325 1817 audieruut,

278 1890 379 1957 quum
406 1877 541 1956 diceres,
569 1876 752 1945 nenzirrem
777 1899 855 1944 esse
881 1876 1044 1963 divitem,
1070 1875 1144 1943 nisi
1170 1875 1235 1966 qui
1260 1896 1325 1942 en-

278 2008 433 2075 ereitom
460 2010 563 2076 olere
590 2023 717 2100 posset
752 2012 830 2076 suis
848 2009 1046 2099 fructibus
1054 2038 1066 2100 3
1100 2013 1190 2096 quod
1213 2027 1320 2095 popu-¹

276 2147 328 2211 lus
352 2147 522 2212 Romanus
549 2149 644 2213 tantis
672 2150 882 2237 vectigalibus
908 2150 1103 2236 iampridem
1126 2151 1183 2215 vix
1209 2153 1323 2231 potest

276 2282 365 2364 Ergo
391 2286 456 2350 lroc
481 2287 655 2369 proposito
688 2304 857 2367 uunquam
891 2288 956 2352 eris
982 2287 1073 2353 dives
1099 2292 1192 2366 ante,
1224 2303 1324 2368 quam

276 2422 334 2488 tior
368 2441 410 2487 ex
443 2424 507 2490 tuis
539 2425 802 2507 possessionibus
835 2430 962 2491 tautum
997 2426 1180 2506 reficiatur,
1212 2430 1248 2490 ut
1281 2441 1324 2490 eo
1434 2510 1438 2516 Ι
1519 2416 1521 2427 ’

276 2561 360 2625 tueri
384 2578 445 2624 sex
468 2562 615 2642 legiones
640 2566 672 2624 et
697 2578 820 2641 magna
840 2564 987 2642 equitnm
1013 2581 1053 2627 ac
1065 2565 1208 2644 peditum
1225 2563 1323 2631 euxi-

275 2699 321 2761 lia
345 2696 462 2777 possis.
493 2708 494 2711 ’
528 2697 597 2758 lam
634 2697 746 2780 fateris
773 2697 886 2774 igitur,
922 2715 990 2761 non
1016 2715 1089 2761 esse
1121 2704 1152 2761 te
1178 2698 1323 2777 divitem,

275 2832 327 2896 cui
351 2833 478 2894 tantum
503 2829 604 2910 desit,
631 2836 666 2894 ut
689 2833 825 2913 expleas
851 2833 902 2910 id,
937 2832 1026 2914 quod
1050 2838 1199 2914 exoptas.
1257 2835 1325 2899 lta·

274 2987 338 3052 que
359 2971 456 3034 istam
481 2973 724 3050 paupertatem,
749 2970 802 3035 vel
825 2970 935 3050 potius
961 2973 1139 3050 egestatem
1165 2987 1205 3034 ac
1228 2987 1325 3035 men·

238 3127 262 3171 n
275 3109 440 3175 dicitatem
470 3112 579 3186 tuam,
618 3123 788 3190 nunquam
822 3109 963 3173 obscure
999 3109 1109 3173 tulisti.
1173 3110 1264 3176 Nam
1290 3117 1326 3174 ut

274 3246 333 3322 iis,
367 3247 423 3326 qui
448 3247 586 3309 honeste
601 3303 604 3310 ,
618 3263 688 3310 rem
727 3253 890 3328 quaerunt
924 3248 1119 3313 mercaturis
1156 3248 1325 3326 iaciendis,

276 3381 385 3463 operis
415 3382 550 3458 dandis,
592 3384 732 3464 puhlicis
766 3385 952 3464 sumendis,
993 3386 1204 3467 intelligimus
1238 3402 1323 3469 opus

276 3535 348 3588 csse
372 3520 543 3601 quaesitos
573 3521 639 3601 sic,
667 3524 723 3603 qui
745 3524 834 3589 videt
859 3525 952 3589 domi
978 3528 1053 3589 tuae
1079 3525 1203 3606 pariter
1224 3486 1346 3589 acca-¹

275 3661 421 3720 satorum
455 3617 553 3738 atque
584 3658 727 3721 iudicum
762 3660 970 3725 consociatos
1003 3678 1136 3741 greges:
1170 3659 1227 3741 qui
1261 3675 1325 3723 no-

275 3796 386 3854 centes
412 3798 444 3854 et
470 3795 668 3873 pecuniosos
703 3813 799 3875 reos,
837 3798 955 3861 eodem
988 3802 1020 3861 te
1053 3800 1208 3875 auctore,
1246 3812 1323 3860 cor*
1448 3785 1452 3790 ⁴
1519 3777 1520 3866 J

275 3927 437 4008 ruptelam
463 3927 574 3991 iudicii
599 3930 789 3994 molientes:
814 3933 869 4012 qui
890 3936 963 3996 tuas
988 3931 1179 3995 mercedum
1196 3933 1326 4013 pectio-

219 4040 225 4050 “
273 4083 333 4131 nos
356 4066 389 4128 in
417 4065 624 4145 patrociniis,
655 4032 911 4130 intercessiones
944 4066 1160 4147 pecuniarum
1192 4068 1226 4130 in
1253 4069 1325 4132 coi-

273 4205 416 4273 tionibus
443 4200 710 4279 candidatorum‚
746 4204 952 4272 dimissiones
986 4207 1180 4273 libertorum
1207 4209 1248 4272 ad
1274 4210 1325 4273 le·
