3059 4925
299 455 374 528 234
627 472 800 527 »amnon
826 474 1022 527 eroscoann.

299 646 356 691 tum
372 624 455 689 'Drsd.
474 639 500 691 1.
518 637 544 691 3.
569 636 713 706 imperanti
731 646 866 695 oetam·
895 634 975 688 Drsd.
995 640 1020 689 5.
1039 645 1065 688 et
1083 635 1141 689 Bas.
1168 655 1267 707 negare
1291 657 1351 689 ou·

299 726 369 790 det,
388 724 457 775 nihil
474 741 597 776 recusare
612 731 742 791 potest.
793 721 833 774 Ad
854 722 933 774 verba
954 722 1059 776 conten
1087 722 1168 794 Borg.
1186 722 1243 778 cic.
1269 726 1346 777 Verr.

299 808 344 875 lll,
363 813 411 862 87:
440 810 520 878 Quod
542 819 684 878 praetereo
712 811 807 862 Verres
832 810 998 878 imperat,
1022 810 1053 859 id
1070 822 1245 866 recusent.
1282 812 1349 863 Edd.

298 897 390 948 Lamb.
410 907 435 949 et
452 894 547 948 Colon‘.
566 895 634 947 nituit
651 913 780 966 negare
797 896 1002 965 imperanti.
1037 895 1097 947 ΜΓ.

369 983 549 1049 nihiiandet]
585 983 681 1046 „Nihil
697 1001 824 1055 negare
843 983 948 1034 audet?
974 993 1044 1036 octo.
1082 984 1160 1034 Nihil
1182 1002 1347 1037 recusare

299 1070 402 1123 nudet?
419 1070 540 1123 decem.“
558 1069 631 1124 Ald.
651 1070 738 1123 Man.
785 1070 883 1136 „Nihil
900 1070 1086 1122 recusanti
1103 1072 1187 1121 audet
1205 1073 1252 1138 -]
1280 1072 1347 1123 Ver·

299 1160 363 1211 bum
384 1174 507 1209 recusare
525 1176 581 1209 non
607 1157 772 1228 conspicitur
796 1157 824 1209 in
841 1155 954 1210 Mauris.
979 1154 1112 1228 habetque
1130 1174 1181 1228 pro
1200 1157 1346 1229 paedagogi

298 1246 447 1300 adiectione
465 1244 591 1297 Gulielm.
610 1255 637 1298 et
656 1264 716 1297 vero
735 1245 762 1297 id
782 1263 891 1315 quoque
909 1244 1025 1298 editione
1043 1263 1089 1297 sna
1103 1245 1180 1298 eiecit
1196 1244 1280 1297 Aldus
1299 1264 1346 1297 ne-

299 1353 361 1404 pos,
380 1333 426 1386 sed
445 1333 501 1385 sine
519 1332 654 1403 suffragiis
673 1333 805 1385 librorum
823 1334 961 1384 suorum.“
976 1331 1114 1387 Gruter.
1160 1332 1242 1400 Quod
1262 1344 1300 1385 est
1318 1333 1345 1386 in

298 1420 422 1472 lemmate
447 1419 558 1472 Gruteri
583 1426 735 1483 recusanti,
762 1429 801 1471 est
828 1435 904 1471 error
934 1418 973 1471 vel
999 1418 1094 1471 calami
1121 1418 1210 1490 lapsus
1238 1419 1346 1473 Gruteri

298 1508 394 1579 ipsius,
413 1509 456 1561 cui
474 1509 501 1560 in
521 1527 586 1561 aure
603 1518 724 1573 sonaret,
750 1507 824 1578 quod
843 1506 934 1577 paullo
954 1518 1017 1562 ante
1040 1517 1079 1560 est
1097 1507 1249 1575 imperanti.
1294 1504 1345 1558 Sed

297 1597 463 1666 repetierunt
480 1608 569 1650 tamen
588 1595 704 1648 eundem
723 1612 844 1647 errorem
863 1593 1008 1658 editiones,
1030 1594 1059 1646 in
1079 1594 1176 1664 quibus
1193 1603 1256 1645 sunt
1274 1591 1347 1646 Gru·

297 1686 347 1737 teri
365 1683 568 1749 annotationes,
587 1704 609 1735 s.
630 1701 653 1734 c.
671 1682 832 1735 Gruteriana
851 1680 1026 1733 londinensis
1044 1682 1123 1734 1581.
1143 1681 1162 1734 f.
1179 1698 1231 1746 m.,
1250 1678 1347 1733 Schm-

255 1837 257 1840 y
298 1771 356 1824 velii
374 1770 554 1836 Rimoniana,
571 1770 655 1841 lugd.
672 1768 729 1822 Bas
747 1771 827 1824 1661.
846 1772 872 1822 4.
891 1768 1079 1833 Gronosiana,
1097 1767 1182 1837 lugd.
1201 1767 1257 1821 Bat.
1267 1769 1345 1821 1692.

297 1864 322 1913 4.
344 1889 377 1897 —
409 1861 471 1910 Gar.
488 1857 580 1928 Steph.
607 1877 636 1909 er
654 1877 703 1910 suo
722 1869 808 1911 vetere
827 1857 942 1909 enotavit
960 1857 1030 1908 nihil
1053 1873 1217 1906 recusare
1243 1854 1347 1907 nudet?

301 1946 420 1997 Verbum
446 1945 614 1998 interiectum
640 1946 767 1997 omittunt
791 1943 857 1996 Oxs.
874 1962 898 1995 σ.
916 1960 946 2003 ψ.
975 1942 1043 1993 Edd.
1069 1941 1144 2012 syth.
1170 1940 1232 1994 Car.
1255 1941 1346 2013 Steph.

299 2034 330 2087 ll.
350 2035 437 2087 Wott.
457 2028 523 2086 Ald.'
535 2035 613 2086 1552.
650 2032 679 2083 ln
700 2029 785 2083 codd.
803 2029 883 2082 Drsd.
901 2033 926 2082 1.
945 2033 970 2082 3.
989 2040 1014 2081 et
1032 2028 1100 2082 Edd.
1119 2029 1179 2082 Asc.
1189 2031 1268 2082 1511.
1285 2028 1346 2080 Par.

298 2144 316 2176 s.
335 2142 357 2174 a.
377 2122 475 2191 legitur
493 2119 563 2171 nituit
580 2118 667 2169 enim
685 2136 809 2169 recusare
827 2118 927 2182 audet,
945 2116 972 2168 in
992 2115 1057 2168 Edd.
1076 2115 1148 2170 Crat.
1166 2127 1193 2168 et
1211 2115 1285 2167 Man.
1304 2114 1346 2165 ni·

270 2225 275 2232 ’
302 2210 342 2260 hil
359 2211 421 2278 imp.
437 2225 535 2280 negare
550 2216 657 2276 potest,
686 2205 754 2256 nihil
771 2223 897 2275 negare
923 2204 1020 2266 audet,
1048 2200 1092 2256 sed
1113 2223 1164 2274 pro
1190 2220 1289 2274 negare
1319 2202 1346 2254 in

299 2314 382 2366 marg.
403 2294 441 2348 est
459 2312 591 2348 recusare.
628 2290 696 2344 cod.
715 2289 767 2344 Ox.
787 2290 820 2342 U.
838 2290 918 2344 habet
935 2291 1053 2354 audent,
1083 2310 1134 2361 pro
1152 2291 1245 2343 audet.
1288 2289 1345 2341 Mn.

367 2383 475 2447 Poscit,
489 2381 612 2437 ‚dandum
630 2390 687 2432 est:
705 2389 797 2442 vocnt,
817 2380 973 2430 veniendum
980 2380 1000 2445 t]
1037 2378 1142 2445 Quater
1159 2377 1257 2430 habent
1276 2376 1347 2446 gios-

298 2490 352 2523 sam
371 2472 396 2523 si
414 2469 590 2542 praepositam
617 2469 655 2533 (si
671 2469 757 2537 poscit
777 2495 810 2505 -··
830 2468 856 2517 si
877 2477 957 2518 vocat
976 2493 1009 2504 -—
1028 2468 1052 2517 si
1074 2467 1147 2516 eiicit
1166 2493 1200 2504 -
1218 2466 1243 2518 si
1261 2467 1348 2516 renna-

298 2565 358 2621 ταν)
389 2557 458 2609 Edd.
483 2556 557 2618 Crat,
585 2555 657 2608 Man.
683 2558 752 2610 Ven.
770 2558 849 2608 14⁹2
868 2558 947 2609 1514.
976 2553 1055 2607 ttdtb.
1078 2555 1139 2606 Par.
1157 2556 1238 2606 1⁵12.
1262 2552 1348 2622 lugd.

297 2646 362 2716 Arg.
392 2643 457 2697 Dav.
487 2643 545 2695 Ald.
565 2645 643 2697 1511.
666 2643 711 2696 Bis
739 2645 777 2707 (si
792 2662 820 2711 p.
839 2665 873 2683 *-
891 2645 925 2694 εἰ.
942 2647 981 2707 e.)
1010 2640 1078 2694 Cod.
1102 2641 1183 2694 Drsd.
1202 2645 1239 2704 5.;
1266 2639 1345 2693 semel

298 2734 335 2795 (si
351 2732 454 2801 poscit)
471 2739 543 2782 vetus
560 2729 650 2781 Caroli
668 2728 759 2800 Steph.
780 2729 899 2782 Alteram
917 2729 1046 2799 glossam,
1057 2729 1209 2799 nepetitum
1227 2739 1269 2780 est
1288 2737 1347 2799 post

300 2819 455 2873 veniendum
474 2846 509 2856 -—
529 2816 679 2869 abeundum
698 2845 732 2855 -
751 2819 974 2869 extimescendum
993 2816 1091 2870 babent
1110 2816 1196 2868 Codd.
1214 2814 1273 2868 Cre.
1282 2818 1308 2868 1.
1321 2819 1346 2867 2.

298 2907 376 2960 Drsd.
395 2908 419 2959 1.
439 2909 463 2960 5.
485 2910 509 2959 5.
529 2904 596 2958 Edd.
616 2907 675 2959 Asc.
693 2910 719 2959 1.
739 2909 763 2959 l.
788 2918 814 2960 et
831 2907 891 2959 Pas.
909 2925 929 2958 s.
946 2925 970 2960 a.
1014 2907 1069 2958 Pro
1091 2905 1179 2974 poscit
1204 2916 1242 2957 est
1266 2899 1347 2973 rogat

297 2994 323 3046 in
343 2991 416 3046 Gud.
431 2992 480 3060 A.,
497 2995 583 3062 possit
604 2994 631 3045 in
651 2993 718 3045 cod.
737 2996 795 3045 Cra.
816 2997 841 3047 3.
887 2995 975 3047 Verba
992 2995 1079 3062 poscit
1106 3012 1189 3063 usque
1203 2992 1249 3045 ad
1274 2991 1346 3043 exti-

251 3073 254 3078 ’
300 3082 466 3132 mescendom
484 3080 579 3134 desunt
598 3081 624 3133 in
644 3080 711 3135 cod.
729 3082 812 3135 Drsd.
829 3087 856 3137 4.
904 3083 959 3134 Pro
978 3093 1056 3134 vocnt
1074 3081 1171 3135 Cro-2.
1189 3082 1267 3135 habet
1285 3083 1344 3144 ciet,

298 3180 354 3221 tum
374 3168 460 3221 statim
478 3168 593 3237 (omissis
621 3168 706 3221 verbis
725 3169 832 3242 duobus
858 3169 965 3238 mediis)
987 3169 1147 3221 obeundum.
1195 3171 1249 3222 Pro
1273 3169 1345 3221 eiieit

298 3258 357 3310 Crz.
375 3259 399 3308 1.
419 3255 594 3317 habet'eicit5
614 3258 740 3309 minetur
750 3258 848 3311 omittit
866 3258 917 3311 Or.
935 3276 963 3319 n.
999 3257 1064 3310 Post
1079 3258 1237 3309 'vendendum
1255 3268 1281 3311 et
1298 3275 1344 3307 ex-

298 3346 486 3397 timescendum
510 3344 608 3398 habent
634 3356 672 3398 est
695 3345 761 3398 On.
781 3345 811 3397 E.
831 3345 849 3397 Ι.
867 3345 913 3407 U.;
942 3344 1013 3398 Gud.
1032 3346 1064 3397 A.
1083 3344 1126 3409 B,
1156 3354 1259 3397 tantum
1286 3356 1346 3414 post

299 3431 453 3482 veniendum
472 3430 522 3484 Or.
540 3447 581 3494 nn,
606 3432 653 3502 qui
677 3432 777 3485 omittit
794 3434 874 3486 etiam
891 3433 1120 3486 estinnsoemtem.
1163 3434 1227 3486 Post
1244 3433 1345 3484 obeun-

300 3518 362 3569 dum
381 3518 487 3572 additur
504 3531 544 3570 eet
564 3519 591 3570 in
610 3517 682 3572 Gud.
702 3520 735 3573 A.
781 3520 836 3572 Pro
854 3519 1006 3577 obeundum
1024 3521 1053 3572 in
1071 3520 1150 3574 Drsd.
1169 3526 1195 3575 5.
1220 3532 1257 3575 est
1275 3519 1345 3571 odii-

296 3606 425 3663 ciendum.
462 3606 541 3661 Drsd.
561 3611 586 3660 2.
605 3607 722 3663 exhibet:
742 3620 820 3661 nocet
837 3627 877 3661 en
895 3610 1052 3661 veniendum
1067 3620 1119 3661 est.-
1155 3605 1239 3662 Met

369 3685 617 3758 Poenindnndom
640 3706 684 3749 est
708 3700 754 3766 -]
792 3693 854 3762 „Sic
877 3698 970 3750 decem
995 3708 1108 3768 septem:
1144 3708 1224 3749 recte.
1269 3693 1345 3747 Unus

297 3779 321 3830 si
337 3781 437 3847 poscit,
455 3782 494 3832 sic
513 3793 605 3850 vocat,
624 3785 701 3839 male.
740 3785 837 3848 Eiicit,
864 3786 1000 3837 minatur:
1020 3786 1058 3837 sic
1077 3803 1170 3836 omnes
1195 3786 1258 3837 mei:
1285 3786 1343 3837 vid.

298 3866 405 3921 Terent.
428 3868 550 3926 Eunucb.
569 3873 595 3938 1,
614 3877 644 3927 1:

412 3959 486 4027 Quid
502 3960 590 4030 igitur
602 3961 732 4031 faciem?
749 3983 802 4015 non
820 3964 900 4015 earn?
919 3982 951 4015 ne
972 3983 1043 4016 nunc
1061 3964 1181 4034 quidem,

414 4049 478 4097 Com
497 4063 616 4101 arcessor
635 4050 730 4102 ultro?
747 4071 783 4103 nn
800 4054 892 4121 potins
909 4054 951 4102 ita
970 4071 1009 4105 me
1028 4068 1196 4120 comparem,¹

414 4133 474 4184 Non
491 4136 594 4203 perpeti
612 4139 777 4190 meretricum
795 4138 993 4190 contumelias?

306 4217 309 4222 ⁴
414 4221 548 4289 Exclusit,
568 4235 691 4277 revocat:
710 4225 837 4278 redeam?
855 4247 906 4279 non
925 4228 1002 4279 sime
1018 4227 1158 4279 obsecret·“
1177 4224 1249 4282 Ald.
1262 4226 1344 4279 Mon.
