3059 4925
506 478 700 528 rananoxou
721 479 764 526 vr.
800 482 868 528 oin.
888 484 910 528 r.
1156 459 1229 533 273

108 640 112 645 ’
186 661 235 712 pro
255 651 374 711 oportet,
399 661 428 693 ex
454 659 596 713 perperam
619 640 688 695 lecto
709 638 880 711 compendio.
924 638 997 697 Gud.
1017 640 1049 694 A.
1076 652 1102 694 et
1127 644 1185 696 Cra.
1205 648 1230 697 1.

185 741 252 783 tuus
269 739 390 799 oportett
410 730 437 780 in
454 728 537 784 Drsd.
555 734 581 783 4.
602 722 640 782 eit
658 748 686 780 se
703 729 791 797 ipsum
809 727 908 778 iudicet
927 745 984 779 esse
1003 728 1127 793 divitem,
1152 751 1231 803 prava

187 818 299 872 lectione
323 817 426 870 duabus
453 815 546 887 glossis
567 828 655 871 aucta.
696 816 727 868 ln
753 815 848 869 Duisb.
875 827 914 868 est
936 834 989 868 non
1015 817 1150 870 bominum
1176 838 1232 872 ser·
1337 825 1340 829 ’

185 924 284 959 mone.
327 902 397 956 Gud.
417 904 448 957 B.
472 903 550 957 babet
577 914 611 955 et
636 922 689 956 non
712 903 780 956 bom.
806 901 873 955 Cod.
899 903 956 958 Bas.
982 907 1089 959 animus
1113 919 1229 960 autem

186 1001 252 1044 tuus
268 1011 312 1061 op.
330 992 398 1045 Edd.
417 1012 472 1063 pro.
490 991 563 1046 Crat.
585 991 678 1062 Magn.
697 993 772 1045 Mun.
792 990 886 1045 Lamb.
912 993 1017 1048 nostrai
1043 1006 1102 1050 vett.
1129 1017 1230 1063 omnes,

186 1081 299 1152 exceptis
316 1081 384 1134 Rob.
402 1080 493 1153 Stepb.
510 1079 587 1151 Sylb.
605 1078 707 1132 Sturm.
725 1077 804 1145 (baec
829 1079 909 1134 babet
926 1091 993 1134 tuus
1010 1087 1127 1151 oportet)
1154 1084 1231 1138 Grut.

186 1154 212 1223 ei
229 1188 319 1241 seqq,
336 1168 435 1222 babent
453 1169 570 1222 Animus
587 1167 683 1222 enim.
727 1165 809 1233 Quod
834 1162 895 1220 vero
923 1169 1010 1223 Bentl.
1035 1169 1098 1241 legit
1122 1171 1231 1237 indicet,

188 1255 269 1310 daea
288 1276 332 1323 re,
357 1257 485 1310 nimirum
511 1256 544 1309 de
564 1274 612 1308 usu
637 1255 782 1307 verborum
806 1256 945 1307 indicendi
964 1268 989 1309 et
1007 1258 1161 1324 iudicandi,
1179 1259 1231 1313 vid.

187 1344 364 1415 disputantem
383 1345 415 1398 Β.
431 1344 565 1397 Kloteium
585 1344 614 1396 in
632 1343 715 1396 lahnii
735 1342 844 1396 Annali.
862 1343 958 1398 Pbilol.
970 1347 1049 1400 1832.
1067 1346 1088 1411 l,
1107 1348 1132 1398 1.
1151 1365 1176 1416 p.
1186 1350 1230 1401 lb.

189 1432 234 1502 qui
255 1432 318 1486 item
337 1432 401 1503 legit
418 1441 445 1482 te
463 1451 513 1502 pro
532 1451 568 1484 se.
603 1431 633 1484 M
640 1450 669 1484 r.·

258 1530 361 1588 oportet
381 1529 448 1571 tuus
466 1529 493 1570 te
508 1518 620 1586 iudicet]
671 1518 752 1586 Quod
778 1519 810 1572 ad
830 1519 942 1573 Bentleii
968 1519 1110 1574 lectionem
1133 1522 1233 1575 indicet

187 1628 237 1679 pro
255 1607 357 1659 iudicet
375 1606 504 1678 pertinet,
535 1607 568 1659 de
599 1626 629 1660 ea
656 1627 700 1674 re,
727 1626 893 1677 quamquam
921 1618 1041 1678 npstrum
1066 1607 1158 1662 locum
1177 1629 1231 1664 non

187 1695 335 1765 attigimus,
372 1694 454 1748 locuti
480 1713 571 1748 sumus
594 1695 627 1747 ad
655 1695 751 1748 Tusce.
771 1696 804 1747 V.
824 1699 867 1760 21,
887 1698 930 1747 61.
956 1693 989 1747 Τ.
1007 1693 1052 1746 111.
1076 1715 1101 1766 ρ.
1120 1696 1173 1749 124
1191 1717 1231 1768 sq.

186 1785 241 1837 Pro
260 1791 363 1851 oportet
384 1801 438 1837 una
456 1783 504 1836 Ed.
521 1782 606 1854 Lugd.
626 1784 705 1837 babet
722 1782 914 1854 compendium
933 1800 998 1850 opg,
1026 1780 1098 1852 quod
1123 1781 1161 1833 vix
1179 1782 1232 1854 legi

186 1881 273 1941 potest
290 1880 402 1939 oportet.
448 1870 490 1923 De
508 1870 643 1942 Borgersii
661 1871 775 1924 lectione
794 1869 833 1923 vel
852 1871 941 1942 potius
966 1869 1120 1923 defensione
1139 1870 1234 1924 lectio-

187 1958 228 2010 nis
245 1977 280 2009 se
296 1957 396 2008 iudicet
416 1977 470 2010 non
489 1969 528 2012 est
544 1959 617 2029 quod
637 1959 713 2030 plura
733 1959 863 2012 addamus
881 1969 940 2030 post
958 1977 1004 2023 ea,
1032 1976 1100 2028 quae
1124 1959 1158 2011 ab
1177 1958 1234 2012 aliis

187 2045 255 2098 dicta
274 2055 350 2110 suut,
370 2061 436 2116 quos
452 2045 491 2098 vel
510 2045 651 2117 loquentes
667 2047 820 2100 induximus
837 2045 877 2098 vel
896 2045 1067 2098 laudavimus.
1103 2045 1156 2099 Sed
1167 2065 1235 2101 cou-

188 2143 227 2184 tra
246 2131 302 2185 eius
321 2134 515 2186 correctionem
534 2133 727 2205 inscriptionis,
754 2154 807 2205 qua
831 2135 906 2187 iubet
924 2153 973 2187 nos
991 2133 1079 2204 legere
1097 2132 1235 2204 σώφρων

188 2239 238 2290 pro
257 2214 347 2283 oepit,
374 2240 459 2273 unum
478 2221 643 2275 monendum
669 2222 773 2275 videtur
800 2221 881 2287 illud,
910 2221 985 2292 quod
1011 2221 1109 2275 oblitus
1134 2222 1237 2277 videtur

187 2309 225 2361 vir
242 2309 351 2375 doctus,
376 2308 537 2363 Ciceronem
551 2329 606 2363 non
631 2322 744 2364 tractare
771 2310 929 2363 senteutiam
948 2308 1066 2379 aliquam
1085 2308 1235 2380 philosophi

187 2396 268 2464 alius,
292 2397 336 2450 sed
353 2393 500 2467 παράδοξον
518 2397 648 2452 Stoicum.
691 2398 882 2469 Unusquisque
909 2396 981 2448 enim
1008 2395 1097 2449 dicere
1122 2407 1234 2468 poterat,

187 2497 379 2557 temperantem
397 2486 450 2555 (rel
469 2487 644 2541 abstinentem
662 2486 701 2540 rel
722 2495 878 2540 contentum
897 2495 970 2537 sorte
987 2484 1048 2550 sua)
1072 2482 1157 2536 solum
1179 2502 1235 2536 esse

187 2573 300 2627 divitem.
346 2573 429 2627 Stoici
448 2574 555 2626 veroin
573 2573 626 2627 suis
644 2568 802 2643 παραδόξοις
829 2590 859 2623 ea
878 2571 933 2623 duo
958 2569 1099 2623 bominum
1127 2587 1235 2640 genera,

189 2681 257 2731 quae
274 2662 329 2715 sola
348 2663 539 2734 agnoscebant,
567 2662 703 2731 sapientes
722 2660 851 2713 nimirum
869 2669 896 2711 et
914 2658 1027 2713 stultos.
1048 2657 1097 2710 sibi
1123 2657 1234 2710 invicem

190 2769 327 2822 oppopere
344 2750 480 2816 solebant,
500 2749 539 2804 bis
557 2751 647 2804 omnia
665 2750 726 2803 vitia
745 2760 826 2819 atque
843 2745 929 2809 mala,
947 2745 999 2798 illis
1017 2744 1124 2797 virtutes
1144 2763 1237 2800 omnes

190 2838 314 2908 bonaque
332 2840 422 2891 omnia
441 2838 634 2891 adscribebant.
652 2866 687 2877 -
710 2839 765 2890 Pro
783 2835 957 2887 leontinum
975 2851 1059 2884 sermo
1077 2831 1127 2884 Ox.
1140 2832 1172 2885 Ε.
1192 2853 1236 2886 ex-

191 2926 541 2980 bibetbominissermo.
577 2924 634 2978 Mr.

262 3032 346 3085 neque
361 3014 538 3082 possessiones
557 3014 648 3079 tuem]
679 3010 745 3063 Cod.
764 3011 823 3062 Cre.
843 3013 868 3061 1.
885 3007 963 3060 babet
981 3025 1041 3070 nec,
1066 3024 1116 3077 pro
1135 3026 1237 3078 neque,-

191 3099 263 3153 Gud.
281 3100 313 3152 A.
336 3110 404 3159 ent5
437 3098 557 3153 Drsd.*4.
584 3117 652 3161 nori,⁸
682 3101 741 3151 Cre.
758 3102 786 3151 2.
817 3114 876 3148 eam
907 3113 999 3148 vocem
1025 3094 1104 3166 plane
1127 3095 1235 3161 omittit;

190 3185 284 3238 Duisb.
302 3185 381 3239 babet
398 3186 458 3258 qui
471 3186 666 3256 possessionis
684 3202 776 3247 suae,
794 3182 865 3235 idem
877 3182 904 3234 in
918 3201 1015 3254 marg:
1035 3182 1082 3234 At.
1091 3175 1237 3250 possessio-

190 3293 249 3325 nes
267 3283 360 3326 tuae.
397 3273 488 3343 Pergit
506 3273 576 3325 idem
596 3273 665 3325 nibil
682 3271 733 3324 sibi
752 3272 840 3322 deesse
855 3280 981 3340 putet,
1000 3268 1070 3319 nibil
1086 3268 1238 3336 emplius

190 3372 304 3414 curat.
339 3358 397 3413 Cra.
417 3366 441 3413 2.
470 3359 542 3416 Gud.
560 3361 591 3413 A.
618 3370 645 3411 et
671 3359 752 3424 nibil,
785 3377 847 3412 curn
875 3355 940 3409 On.
957 3356 988 3408 E.
1013 3355 1046 3407 N.
1082 3355 1153 3407 Tum
1174 3353 1238 3409 On.

191 3448 224 3500 U.
244 3468 270 3516 η.
288 3465 319 3509 ψ.
337 3447 416 3501 Drsd.
435 3452 460 3501 4.
481 3452 505 3503 3.
527 3453 552 3501 1.
572 3450 628 3520 qui
646 3449 723 3501 nibil.
770 3446 831 3501 Cre.
847 3449 873 3499 3.
890 3443 962 3497 Gud.
982 3443 1013 3494 B.
1030 3451 1063 3493 et
1084 3442 1238 3512 quinidii.

192 3537 294 3589 Vocem
312 3533 363 3588 silu'
387 3535 513 3589 omittunt
531 3535 603 3588 Gud.
622 3536 655 3589 A.
672 3535 703 3588 Β.
729 3534 809 3589 Drsd.
828 3538 854 3587 4.
881 3536 937 3584 Ora.
956 3535 998 3595 3.;
1031 3529 1098 3583 cod.
1117 3527 1195 3580 Drsd.
1213 3530 1238 3582 3.

191 3622 269 3676 habet
287 3624 375 3674 deesse
394 3622 464 3683 sibi‚·
492 3621 551 3675 Cre.
571 3626 597 3679 3.
622 3622 702 3675 Drsd.
722 3627 748 3676 4.
768 3620 840 3673 Gud.
857 3619 888 3672 B.
916 3626 1033 3687 putot,
1060 3616 1146 3668 idem:
1171 3616 1241 3668 nibil

90 3701 97 3712 ‘
191 3709 307 3778 amplius
326 3719 424 3771 aaron·
443 3721 481 3763 est
500 3710 578 3763 etiam
599 3720 679 3762 curet
697 3708 812 3763 in'Cod.
832 3708 891 3759 Cre.
908 3709 934 3759 3.
974 3703 1058 3756 Plane
1083 3702 1155 3756 abest
1173 3700 1198 3755 b.
1217 3710 1248 3753 v.'

190 3817 205 3850 a
224 3796 303 3850 Drsd.
320 3802 346 3851 4.
366 3796 423 3850 Mr.
444 3826 476 3838 -
497 3797 593 3864 „Duos
612 3800 666 3869 Qui
682 3800 713 3850 si
730 3796 782 3850 sibi
798 3794 869 3849 nibil
886 3793 973 3844 deesse
989 3799 1088 3859 putat,
1106 3789 1176 3840 nibil
1193 3809 1241 3842 eu·

190 3884 384 3953 estamplius,
405 3885 526 3937 sotiatus
545 3896 603 3946 est‚·
624 3888 758 3958 quinque:
787 3884 834 3956 qui
859 3882 913 3934 nib.
940 3899 963 3934 s.
982 3879 1008 3930 d.
1030 3877 1144 3946 putet,
1171 3878 1241 3929 nibil

190 3983 278 4023 curet
297 3973 378 4040 ampl.
395 3991 416 4024 s.
436 3982 477 4023 est
484 3994 495 4033 ς
514 3972 592 4025 Duo:
617 3985 650 4025 et
669 3977 716 4046 qni
734 3974 804 4026 nibil
821 3992 843 4027 s.
864 3971 889 4022 d.
906 3976 1006 4038 putet,
1031 3966 1100 4018 nibil
1123 3965 1239 4033 emplius

189 4069 284 4120 curet,
302 4077 325 4111 s.
343 4077 367 4110 e.
403 4058 493 4113 Unus:
524 4061 572 4132 qui
588 4062 658 4113 nibil
676 4060 726 4112 sibi
745 4060 834 4112 deesse
850 4066 948 4126 putot,
977 4052 1047 4105 nibil
1064 4060 1140 4103 onret
1158 4050 1238 4117 ampl.

189 4165 209 4196 δ·
228 4163 269 4204 θη·
288 4143 369 4196 Tres:
394 4146 449 4198 nib.
472 4166 495 4201 s.
514 4148 539 4200 d.
557 4158 655 4217 pietat,
683 4158 711 4198 et
739 4146 808 4199 nibil
831 4155 910 4197 curat
938 4141 1020 4210 ampl.
1038 4159 1061 4191 s.
1079 4158 1101 4190 e.
1150 4135 1239 4188 Unus:

189 4234 235 4305 qui
252 4232 305 4284 nib.
325 4251 347 4285 s.
364 4232 388 4281 d.
406 4242 499 4301 putet,
518 4254 544 4288 n.
565 4246 639 4287 curet
672 4235 752 4305 ampl.
771 4241 959 4297 saturatus
977 4238 1022 4280 est.
1057 4224 1132 4277 Duo:
1152 4220 1207 4273 nib.
1218 4239 1241 4271 a.

898 4316 945 4389 18
