3059 4925
578 472 612 519 tt.
647 473 835 526 nutttuttm.
1023 497 1025 506 ¹
1171 494 1231 542 ΧΠ
1289 504 1294 508 ’

185 624 291 692 Ursini,
311 596 424 698 Langii.
451 631 512 682 Fra.
529 630 648 684 Fabricii
665 638 839 705 Munatium,
857 640 927 694 Ata·
943 647 1071 713 Munatii·
1087 659 1113 702 et
1130 650 1174 705 att.
1185 672 1228 706 se-

180 708 259 767 lectis.
296 712 540 773 assentantem.
560 723 585 772 8.
629 718 686 775 Hac
705 724 821 779 editione
842 728 961 783 utnulla
986 735 1164 806 estubesior,
1192 742 1227 797 ite

179 798 206 850 in
224 798 385 853 Batavorum
403 802 577 872 editionibus,
597 807 670 878 quod
689 810 724 862 nd
744 814 945 884 annotationes,
972 837 1072 886 paucae
1091 838 1152 880 sunt
1170 847 1228 883 ma·
1288 807 1289 810 Ἴ

179 886 218 957 gis
245 888 401 959 inquinatae
425 911 570 963 operarum
595 895 661 949 vitiis
684 908 710 951 et
735 902 895 957 correctoris
920 906 1089 979 negligentia.
1125 914 1228 988 ¹Quoue

178 976 320 1028 commodo
337 977 446 1043 eccidit,
471 980 544 1052 quod
562 1000 618 1036 non
644 995 747 1039 tontum
767 1007 826 1041 earn
851 990 995 1046 editionem
1014 995 1048 1049 ad
1067 1001 1161 1056 manus
1180 1002 1227 1056 has

178 1062 233 1129 bui,
251 1064 296 1117 sed
316 1065 396 1119 etiem
414 1071 621 1125 commentanios
639 1072 697 1126 iore
713 1093 808 1128 omues
826 1096 929 1147 eorum,
947 1099 977 1133 ex
996 1084 1148 1154 quibdssua
1161 1088 1227 1144 hau·

176 1149 209 1202 sit
227 1148 369 1216 Graevius,
398 1154 470 1207 unde
488 1156 638 1228 saepissime
669 1178 763 1214 eorum
791 1166 932 1218 sententias
959 1179 985 1222 et
1011 1172 1089 1227 verbo
1116 1178 1225 1232 restitui.
1316 1168 1321 1179 ι

177 1235 262 1290 Oseil.
280 1238 297 1292 Ι.
316 1257 339 1293 c.
358 1258 385 1310 p.
402 1242 464 1295 8⁵6.

249 1329 292 1380 15.
328 1330 368 1384 Μ.
393 1332 422 1381 Τ.
442 1331 493 1384 uic.
513 1331 566 1400 Off.
587 1343 636 1387 etc.
682 1337 830 1388 Paradoxa
850 1367 885 1378 -
903 1359 962 1394 curn
988 1346 1092 1400 selectis
1114 1352 1226 1404 varian-

177 1412 251 1464 tibus
277 1414 442 1470 lectionibus.
488 1422 615 1489 Patavii,
649 1424 832 1479 MDOOLXI.
852 1431 877 1483 8.
906 1431 968 1482 min.
1015 1433 1128 1488 Videtur
1150 1440 1225 1509 sequi

176 1496 320 1553 Ofixetum.
364 1502 503 1559 Lectiones
521 1507 650 1562 variantes
668 1509 741 1563 uude
770 1517 928 1587 excerpserit
945 1518 1045 1587 editor,
1073 1540 1128 1576 non
1156 1524 1226 1580 dixit.

249 1592 293 1643 18.
326 1592 367 1644 Μ.
380 1595 410 1643 T.
421 1593 472 1645 Cic.
480 1593 534 1661 Off.
555 1606 605 1649 eta.
633 1598 799 1664 Parodana.
835 1604 902 1657 Adi.
921 1616 986 1657 sunt
1005 1606 1095 1661 breves
1113 1612 1151 1661 ad
1167 1614 1227 1664 aal—

177 1691 238 1746 cem¹
250 1678 444 1731 annotationes.
481 1680 589 1734 Patavii.
625 1682 715 1756 ‘l'ypis⁸
729 1683 830 1740 Semin.
848 1688 1009 1745 MDCCXX.
1029 1697 1053 1746 8.
1097 1696 1141 1750 Est
1161 1697 1226 1752 haee

175 1760 224 1815 Ed.
246 1762 310 1816 iac.
329 1764 351 1815 F
357 1766 527 1821 occioieti
545 1768 636 1840 prima
655 1770 721 1836 (vid.
740 1770 771 1825 C.
786 1773 896 1828 Beier.
915 1776 932 1828 1.
950 1776 967 1830 Ι.
986 1797 1011 1848 p.
1021 1780 1111 1849 454.):
1129 1801 1226 1854 quam·

176 1868 257 1921 quam
275 1850 440 1907 eiusnomen
459 1874 515 1908 non
525 1856 647 1910 additum
666 1869 713 1911 est.
745 1859 1120 1922 Annototiouesuuiliussnnt
1135 1870 1226 1939 pretii:

174 1935 241 1988 nihii
259 1936 371 2006 docent,
389 1940 439 1994 nisi
459 1943 532 2013 quod
550 1942 650 2012 lector,
670 1945 708 1999 sei
728 1966 784 2002 non
804 1950 935 2016 manitus,
960 1951 1016 2022 ipse
1034 1954 1225 2012 animadvertit.

247 2026 291 2079 17.
328 2028 378 2079 Ed.
404 2031 462 2082 Iac.
480 2032 632 2086 Faceiolatx'
657 2033 756 2101 altera,
786 2035 821 2090 ita
848 2037 989 2108 inscripta:
1014 2043 1055 2092 M.
1084 2046 1115 2095 T.
1139 2048 1167 2098 0.
1193 2046 1226 2098 de

176 2112 279 2180 Officiis
294 2112 357 2166 libri
373 2118 431 2169 III.
466 2120 508 2169 De
532 2122 594 2172 San.
631 2123 673 2171 De
690 2124 780 2175 Amic.
826 2128 868 2175 De
886 2128 973 2178 Sama.
992 2125 1062 2196 Scip.
1086 2138 1115 2179 et
1133 2132 1226 2183 Para-

175 2202 256 2254 daxa.
292 2204 358 2254 Aac.
378 2204 410 2272 Q.
428 2206 537 2257 Fratris
558 2208 807 2260 commentariolum
825 2210 978 2264 Petitianis.
1029 2216 1073 2262 Ex
1097 2220 1224 2272 teclae.

174 2290 386 2343 Faccialati.
422 2292 754 2347 venettfflchLVH.
790 2298 1224 2369 Extypogr.1.B.Atbrieti.s,

173 2377 328 2431 Admodum
347 2377 498 2449 discrepant
516 2377 712 2431 Gernhnrdi
738 2391 764 2434 et
788 2381 905 2435 Beieri
929 2383 1025 2437 iudicia
1046 2384 1084 2458 *de
1109 2398 1225 2441 annota-

174 2465 246 2519 tione
271 2465 294 2518 F
301 2465 483 2537 aemulati,
517 2485 599 2538 quam
624 2467 734 2539 quidem
766 2468 810 2522 itte
840 2469 946 2537 iaudat,
975 2471 1019 2525 hic
1045 2472 1223 2543 reprehendit.
1286 2539 1288 2543 v

173 2549 243 2605 Cum
263 2572 324 2606 vero
344 2564 456 2624 uterque
473 2553 506 2605 de
525 2551 688 2607 Oificiorum
708 2555 874 2626 potissimum
893 2556 1021 2629 loquatur
1038 2558 1119 2627 tibris,
1140 2561 1224 2617 iecta-

173 2657 217 2692 res
233 2622 266 2691 nd
286 2658 331 2693 eos
355 2640 490 2693 remittere
513 2639 599 2708 malo,
629 2661 711 2713 quam
737 2663 877 2716 excerpere
903 2665 996 2699 eorum
1021 2665 1053 2700 ac
1078 2647 1223 2706 diiudicare

171 2726 324 2779 sententias.
357 2724 425 2779 Mihi
443 2726 552 2799 quidem
571 2738 674 2781 certum
694 2740 746 2796 est,
767 2731 815 2784 nisi
834 2732 897 2787 olias
915 2735 950 2786 ob
971 2754 1061 2788 causas
1079 2737 1147 2790 bene
1166 2758 1224 2793 me·

171 2815 269 2868 ruisset
287 2814 320 2867 de
339 2815 435 2869 nostris
453 2815 546 2868 litteris
562 2813 585 2866 F
593 2814 801 2883 acciolntus‚
822 2818 898 2875 huius
918 2821 1041 2874 editionis
1055 2812 1223 2879 neritonum

170 2900 199 2952 id
218 2920 274 2953 non
292 2900 371 2955 fuisse
390 2912 613 2967 consecuturum,
643 2920 807 2975 quamquam
835 2925 865 2959 ea
893 2908 945 2961 suis
965 2927 1019 2961 non
1041 2921 1113 2963 caret
1136 2911 1224 2964 laudi-

172 2986 237 3053 bus,
256 2998 282 3040 et
299 2988 382 3060 priori
399 2989 515 3043 multum
533 3001 657 3061 praestat.
676 2990 736 3043 Vid.
753 2991 838 3047 Oreil.
852 2991 953 3048 Onam.
967 2995 1039 3047 Tutt.
1052 2995 1085 3047 Τ.
1095 2995 1114 3047 l.
1126 3017 1152 3069 p.
1161 3002 1222 3054 358,

243 3078 286 3128 18.
323 3079 363 3130 M.
386 3076 460 3129 Tull.
480 3079 533 3133 Cic.
553 3081 620 3130 Cata
638 3079 700 3132 mai.
718 3090 745 3131 et
764 3081 844 3132 Loci.
862 3092 944 3133 -et
962 3083 1123 3140 Paradoxa,
1148 3103 1222 3156 perp.

169 3172 265 3216 annot.
284 3171 315 3213 et
331 3181 445 3216 excursa
464 3165 616 3218 illustravit
634 3169 662 3220 1.
682 3171 710 3220 0.
728 3171 760 3223 F.
780 3169 821 3220 W
825 3169 929 3223 etzel.
967 3169 1084 3239 Lignitt‘i
1101 3172 1178 3223 1792.
1198 3177 1222 3226 8.

169 3261 197 3304 et
217 3248 267 3303 Ed.
285 3253 374 3302 altera
393 3263 514 3305 correcta
543 3262 568 3305 et
592 3264 669 3306 aucto
693 3254 826 3306 fintene.
861 3254 951 3321 [Quae
978 3255 1077 3325 prodiit
1096 3252 1180 3309 ¹editio
1199 3278 1222 3313 a.

169 3339 256 3403 1817,
279 3336 344 3390 nihil
363 3338 454 3393 differt
472 3340 505 3392 ab
525 3338 623 3405 altera,
650 3339 699 3392 nisi
724 3359 793 3392 noso
812 3340 915 3406 indice,
941 3341 986 3411 qui
1005 3339 1175 3395 habet'item
1193 3345 1221 3399 in

169 3426 261 3478 fronte
281 3426 645 3496 significationemeditionis
663 3427 815 3494 secundae]
854 3425 1066 3480 Commendatur
1083 3425 1147 3483 haec
1164 3431 1223 3485 edi-

170 3511 209 3563 tio
229 3512 283 3563 suis
300 3511 437 3581 laudibus,
459 3534 622 3588 quamquam
642 3513 874 3568 Gernhaedianam
893 3535 949 3567 non
968 3524 1072 3585 aequat.
1187 3516 1191 3525 “

248 3601 289 3652 19.
325 3602 365 3654 Μ.
393 3605 423 3656 Τ.
443 3604 497 3653 Oic.
519 3607 586 3654 Cata
611 3604 673 3655 rnai.
701 3622 723 3656 s.
749 3604 788 3654 de'
808 3607 869 3656 Sea.
893 3612 922 3653 et
945 3603 1092 3654 Parodana
1117 3621 1171 3658 rec.
1195 3620 1222 3663 et

167 3686 288 3739 Schoiiis
307 3687 398 3740 Iacabi
416 3690 568 3741 Paccialati
586 3692 695 3762 suisque
712 3688 986 3744 animadversionibus
1003 3690 1136 3743 instruxit
1144 3692 1179 3744 A.
1191 3697 1222 3748 G.

168 3774 365 3827 Gernlzartl.
381 3776 453 3847 Lips.
474 3778 552 3831 1819.
570 3782 595 3831 8.
632 3778 720 3832 Editio
738 3778 969 3851 praestantissimo.
1007 3776 1094 3838 Nasos
1112 3778 1221 3848 quidem

168 3860 280 3913 codices
299 3862 423 3916 conferre
441 3884 497 3919 non
516 3864 590 3920 licuit
608 3866 664 3919 viro
683 3866 856 3934 doctisssime,
873 3865 919 3919 sed
939 3865 1036 3935 pacatis
1048 3864 1155 3919 aliunde
1174 3885 1222 3920 oo·

168 3947 222 4016 piis
241 3948 343 4017 optime
361 3966 433 4003 usus¹
441 3963 480 4005 est
498 3963 524 4005 et
542 3953 574 4005 ad
594 3953 671 4004 verba
692 3954 858 4008 emendanda
882 3952 959 4006 etad
986 3972 1027 4005 ses
1046 3952 1220 4024 explicandas.

168 4033 217 4087 Est
238 4034 362 4105 quidem,
382 4038 427 4090 ubi
447 4038 560 4114 aliorum
579 4040 749 4106 testimoniis,
781 4042 825 4113 qui
847 4053 980 4107 errorent,
1009 4039 1135 4107 confisus,
1164 4039 1221 4111 ipse

165 4121 340 4176 inerrarem
360 4124 485 4180 inductus
503 4140 627 4200 apparet,
656 4140 694 4182 est
719 4129 763 4182 ubi
784 4129 861 4183 aliam
886 4129 920 4181 ob
944 4147 1050 4204 causam
1076 4145 1161 4179 meam
1187 4127 1220 4179 ab

161 4210 223 4263 eius
244 4212 378 4266 sententia
398 4214 602 4286 disiungendoxu
620 4218 775 4284 existimasi;
802 4218 846 4271 sed
871 4216 985 4288 plurima
1011 4214 1109 4276 niteut;
1139 4231 1221 4283 quare

947 4302 996 4372 b.
