3059 4925
527 486 723 535 rinsooxon
745 487 789 534 vt.
817 488 886 534 cnr.
907 488 947 556 ι..
1179 460 1252 536 283

204 660 364 715 sustentare;
382 660 411 703 ut
430 650 529 703 dicitur
547 649 619 701 olere
636 665 734 704 servos,
751 664 842 717 equos,
860 647 939 703 etiarn
960 668 1009 719 pro
1028 648 1132 703 babere.
1171 649 1253 717 Quod

205 737 310 808 scripsit
323 737 440 807 fruetus
458 737 522 792 alibi
541 736 669 792 dicuntur
691 733 791 788 reditus
816 735 939 808 adeoque
963 738 1126 809 vecdgnfinl‘
1153 735 1255 809 VVytt.

204 827 290 891 „Esse
308 824 382 879 abest
398 824 432 878 ab
452 843 516 879 uno.
545 823 632 877 Alias:
650 822 780 876 neminem
796 823 934 877 bominum
951 842 1008 877 erse
1027 825 1164 879 divitem.“
1183 825 1256 879 Atd.

205 912 391 967 Manutius.
426 911 481 965 Ubi
499 913 538 966 sio
555 912 684 982 scriptum
703 910 749 976 sit,
768 911 869 966 nescio.
912 911 1183 983 bibrumequidem‚
1209 915 1255 984 qui

204 999 241 1053 sic
259 997 380 1064 baberet,
400 997 451 1050 ridi
471 999 584 1051 nulium.
620 997 681 1049 Mn·

273 1090 344 1158 quod
359 1087 476 1157 populus
492 1090 631 1140 Romanus
648 1084 736 1140 tontis
753 1085 931 1157 vectigalibus
940 1085 996 1139 iam
1010 1086 1116 1156 pridem
1134 1087 1179 1140 vir
1190 1097 1257 1157 pot·

202 1175 255 1241 ent]
299 1174 384 1240 „Nem
406 1173 523 1246 populus
548 1173 686 1228 Romanus
712 1191 769 1225 non
794 1183 881 1228 totum
909 1174 1054 1230 exercitum
1082 1174 1186 1242 elebat,
1210 1176 1256 1229 sed

203 1265 389 1317 tantummodo
408 1263 545 1317 dimidiam
565 1272 668 1334 partem
687 1260 841 1332 legionum,
868 1262 932 1318 item
958 1264 1061 1335 equites
1087 1263 1256 1335 legionarios,

201 1350 291 1404 sabroe
310 1362 335 1404 et
354 1350 498 1405 tubicines:
517 1350 637 1422 reliquus
656 1349 786 1402 exercitus
804 1349 919 1405 dabutur
936 1363 963 1405 et
980 1351 1101 1406 elebatur
1119 1372 1134 1407 a
1152 1354 1255 1407 sociis.“

201 1438 307 1508 Wytt.
351 1437 405 1506 Qui
425 1437 477 1492 buc
495 1438 598 1492 faciunt
616 1437 760 1508 scriptores
787 1438 895 1494 abunde
921 1438 1066 1494 laudantur
1089 1439 1255 1494 sCreuzero

201 1526 230 1578 iu
247 1525 326 1591 libro,
346 1544 426 1597 quem
446 1526 582 1598 inscripsit
598 1525 692 1580 Abriss
709 1526 735 1579 d.
753 1526 833 1580 Riim.
852 1526 995 1598 Antiquiu.
1013 1526 1063 1581 Ed.
1073 1533 1098 1581 2.
1117 1547 1144 1599 p.
1161 1531 1255 1583 393·-

201 1614 263 1668 3⁹5.
279 1611 379 1667 iudicio
398 1613 477 1666 etism
495 1613 663 1683 interposito.
708 1611 750 1665 Ad
777 1615 856 1667 verbe
883 1626 910 1667 et
935 1614 969 1667 ed
997 1634 1055 1668 rem
1074 1614 1156 1687 Borg.
1174 1615 1255 1671 baec:

201 1699 257 1752 Cic.
278 1717 329 1770 pro
352 1716 415 1770 rege
439 1699 528 1752 Deiot.
547 1702 578 1753 8:
603 1699 697 1752 Antea
721 1699 828 1771 quidem
848 1701 998 1754 Deiotarus
1022 1704 1135 1755 maiorer
1165 1706 1257 1773 copiae

200 1787 295 1838 olere
311 1796 435 1856 poterat:
453 1806 525 1842 nuno
542 1787 657 1858 exiguas
675 1787 735 1838 vir
750 1789 848 1840 tueri
862 1797 962 1856 potest.
981 1816 1014 1832 -
1055 1790 1208 1861 Vectigalia
1226 1792 1255 1845 io

200 1875 344 1946 provinciis
372 1874 495 1928 redibant
522 1873 562 1927 rei
587 1893 617 1926 ex
642 1874 780 1943 scripturo
799 1873 839 1927 vel
858 1894 888 1928 ee
906 1875 1039 1941 decumis,
1058 1876 1097 1929 rel
1118 1895 1147 1929 cx
1164 1888 1255 1946 portu.

201 1962 260 2014 Vid.
279 1960 330 2015 Or.
346 1980 396 2031 pro
416 1961 487 2032 Lege
505 1947 580 2015 Mori.
598 1966 624 2027 b,
644 1965 678 2015 15
696 1961 762 2032 ibiq.
782 1961 930 2034 interprr.“
967 1962 1041 2030 Quid
1059 1964 1092 2018 sit
1109 1966 1256 2033 scriptura.

200 2069 269 2122 quae
286 2049 386 2102 ibidem
404 2049 577 2120 distinguitur
601 2069 615 2103 a
635 2050 756 2104 decumis
774 2061 800 2103 et
826 2050 963 2120 portorio,
982 2051 1033 2104 rid.
1052 2052 1081 2106 in
1099 2050 1165 2105 Eru.
1184 2050 1255 2105 (ilar.

200 2136 255 2191 Cic.
273 2136 297 2190 b.
317 2157 341 2192 r.
378 2136 438 2190 Mr.

269 2226 349 2297 Quod
362 2226 481 2295 populus
498 2228 636 2278 Romanus
654 2226 716 2292 cel]
735 2222 822 2278 Codd.
841 2225 922 2278 Drsd.
941 2228 966 2280 3.
986 2225 1051 2280 On.
1071 2225 1101 2281 E.
1118 2227 1138 2281 l.
1155 2228 1255 2297 populo

198 2317 334 2366 Romano:
358 2314 465 2384 ineptus
483 2312 611 2367 nimirum
629 2313 754 2366 librerius
772 2313 807 2367 its
827 2312 933 2384 legebat
957 2313 1147 2385 compendium
1173 2315 1254 2368 usita-

199 2411 256 2453 tum
273 2404 331 2451 Po.
349 2403 407 2455 Ro,
442 2401 474 2455 ln
491 2401 573 2456 Drsd.
590 2406 617 2457 4.
636 2412 675 2456 est
690 2420 818 2455 romanus
833 2401 960 2473 populus.
997 2400 1018 2456 li
1037 2401 1113 2468 libri,
1140 2401 1186 2473 qui
1203 2401 1251 2457 bs·

202 2490 267 2543 bent
282 2490 382 2560 populo
400 2509 523 2554 romono,
541 2490 606 2545 On.
614 2490 646 2545 E.
654 2487 684 2555 1.,
702 2489 783 2545 Drtd.
796 2492 831 2554 1.,
851 2489 880 2544 in
893 2508 968 2561 seqq.
987 2488 1110 2545 exhibent
1128 2492 1174 2542 vix
1190 2500 1255 2558 pot·

200 2589 242 2630 est
259 2579 480 2651 contingere,
500 2577 573 2650 quod
591 2577 692 2633 addidit
709 2588 866 2645 corrector,
885 2589 915 2631 ut
933 2576 1034 2648 aliquid
1052 2588 1125 2634 certe
1143 2575 1254 2649 intelligi

199 2676 301 2735 posset,
320 2683 483 2738 quamquem
503 2683 600 2737 purum
619 2676 681 2738 apta
699 2675 739 2721 est
755 2666 900 2722 correctio.
943 2664 998 2719 Sed
1024 2685 1053 2717 ex
1079 2665 1111 2721 iis
1136 2684 1253 2738 quoque,

198 2753 245 2824 qui
262 2751 361 2807 babent
376 2754 493 2824 populus
511 2757 664 2821 Romanus,
691 2753 779 2808 codd.
797 2752 878 2809 Drtd.
897 2756 923 2805 1.
942 2757 968 2807 4.
996 2752 1105 2809 Suerin.
1134 2754 1253 2809 additum

197 2840 295 2895 babent
313 2841 378 2894 ittud
396 2844 557 2912 contingere.
605 2841 660 2894 Pro
686 2842 777 2895 tontis
802 2851 841 2894 est
868 2842 1013 2893 extortis
1039 2842 1067 2894 in
1087 2840 1173 2894 Codd.
1193 2843 1252 2895 Cre.

198 2932 222 2984 1.
242 2932 268 2983 3.
287 2940 314 2982 et
334 2941 395 2986 octo
415 2929 500 2982 Codd.
519 2927 590 2981 Atti.
610 2957 643 2969 -
680 2926 749 2981 Cod.
777 2929 836 2982 Cre.
856 2931 881 2984 1.
908 2926 989 2982 babet
1006 2929 1061 2980 ium
1080 2929 1126 2980 vix
1142 2927 1254 2996 pridem.

197 3017 252 3070 Pro
267 3028 357 3087 potest
370 3028 409 3070 eet
416 3017 508 3086 potuit
519 3016 547 3070 in
558 3014 644 3070 Codd.
655 3015 714 3069 Cre.
722 3020 747 3069 1.
761 3014 872 3070 ursus.
898 3013 966 3069 lilud
986 3016 1125 3069 extentis
1137 3027 1253 3085 occupet

197 3103 293 3158 multas
311 3104 396 3170 Edu,
415 3104 471 3158 imo
489 3123 597 3170 omnes,
616 3114 679 3158 ante
696 3102 861 3169 Gruterum,
889 3104 1003 3175 exceptis
1030 3102 1080 3157 Ed.
1106 3123 1163 3175 pro.
1184 3104 1253 3160 Vict.

196 3204 225 3245 et
243 3192 311 3246 Rob.
332 3190 423 3263 Stepb.
459 3192 493 3246 Et
511 3191 642 3246 Gruterus
662 3191 771 3263 quidem
790 3189 972 3257 „Particuism
988 3210 1034 3257 ex,
1052 3191 1149 3262 iuquit,
1168 3191 1252 3245 abieci

198 3292 227 3335 ut
246 3299 301 3333 non
320 3280 495 3334 necessariam
514 3300 543 3333 ex
563 3279 615 3333 lide
633 3280 766 3335 librorum
785 3278 949 3351 scriptorum
966 3289 1038 3335 etex
1056 3278 1191 3349 impressis
1209 3297 1253 3332 re·

198 3367 331 3422 tustirsimi
351 3369 494 3441 cuiusque:
522 3388 611 3442 neque
635 3369 712 3424 aliter
737 3369 903 3424 Victorius.“
946 3365 1000 3420 Sed
1024 3366 1097 3439 quod
1122 3386 1153 3420 ee
1178 3366 1252 3420 nulla

198 3457 314 3513 enotavit
339 3456 388 3511 Ed.
405 3468 491 3512 vetere
510 3458 578 3525 On,
605 3476 684 3529 praru
707 3458 789 3512 lectio
815 3457 910 3528 popul
916 3475 932 3511 o
960 3459 1093 3509 Romano
1111 3463 1252 3523 -potest

196 3545 417 3616 contingere,
435 3544 557 3600 eebibsnt
577 3545 676 3599 multae
694 3564 709 3598 e
728 3546 840 3603 nostris:
859 3544 909 3600 bid·
928 3565 971 3617 ap.
986 3543 1072 3599 Meus.
1091 3545 1160 3597 Veo·
1172 3546 1251 3598 1491.

197 3633 275 3688 tots.
293 3632 374 3686 Hdib.
387 3632 448 3687 Asc.
456 3637 536 3688 tttt.
548 3634 609 3688 Par.
619 3636 698 3687 teor.
706 3636 787 3689 1512.
798 3631 863 3704 Arg.
875 3632 960 3703 bugd.
970 3631 1032 3687 Par.
1040 3650 1060 3686 s.
1069 3650 1094 3686 a.
1104 3629 1171 3684 Dar.
1190 3630 1220 3682 Μ
1228 3651 1250 3684 r.

238 3744 240 3749 >
267 3722 340 3791 Ergo
358 3721 407 3773 boc
422 3722 561 3791 proposito
581 3741 719 3794 nunquam
735 3722 790 3774 erin
807 3721 882 3774 dives
900 3731 977 3785 onte,
995 3721 1088 3792 quam]
1114 3718 1170 3773 Pro
1187 3738 1251 3790 ergo

195 3819 232 3862 est
250 3809 337 3880 igitur
355 3810 383 3863 in
403 3809 470 3862 Cod.
488 3812 546 3863 Cre.
566 3814 591 3865 3.
609 3810 677 3864 Edd.
696 3829 764 3883 prc,
785 3829 827 3882 ap.
846 3809 942 3876 Meus„
960 3809 1055 3865 lomb.
1069 3806 1153 3864 Sutlr.
1167 3807 1250 3871 Petn,

76 3970 84 3979 .
195 3896 291 3950 nostris
309 3897 376 3950 Dav.
395 3896 476 3951 Hdib.
503 3898 588 3970 bugd.
610 3899 672 3952 Par.
692 3903 773 3955 ttot.
792 3901 872 3953 tttc
895 3896 961 3969 Arg.
988 3898 1058 3951 Ven.
1074 3898 1249 3953 14111514.

193 3979 252 4035 Mr.
287 3987 366 4049 „Hoc
381 3987 533 4055 proposito,
550 3988 569 4041 i.
588 4005 611 4039 e.
628 3987 649 4040 si
668 3986 721 4042 boc
738 3987 802 4053 tibi,
822 3986 931 4053 Crasse,
950 3986 1136 4057 proposueris,
1163 3982 1251 4037 nemi·

193 4087 255 4121 nem
276 4090 331 4124 esse
349 4073 471 4141 divitem,
497 4075 546 4128 nisi
566 4077 613 4148 qui
632 4078 703 4133 etc.“
722 4078 827 4149 Wytt.
869 4074 998 4130 Similiter
1018 4074 1122 4151 scripsit
1141 4071 1197 4125 cte.
1216 4069 1248 4123 de

193 4157 272 4210 Βίου.
299 4157 344 4225 Ν,
364 4163 408 4224 111,
427 4165 476 4216 54:
500 4165 545 4218 bie
570 4168 716 4236 propositis
741 4167 830 4219 terruit
857 4183 969 4235 prorsus
993 4158 1192 4233 consequentia·
1211 4186 1244 4194 -

193 4245 247 4297 Pro
267 4245 315 4297 lsoo
340 4259 378 4302 est
403 4248 496 4303 borum
523 4254 550 4306 in
576 4254 626 4308 01.
646 4273 675 4317 ψ.
725 4256 788 4307 inde
808 4275 822 4308 a
842 4252 960 4307 Grutero
985 4250 1013 4302 in
1040 4247 1106 4300 Edd.
1124 4243 1249 4299 scribitur
