3059 4925
529 493 570 537 sn
598 487 794 537 usnemun
819 486 907 551 1v‚t.
1160 456 1233 536 345

187 657 305 708 etseras:
325 654 403 726 plene
421 662 451 706 ut
469 650 527 705 ΟΙΙ.
545 650 590 717 ΙΙΙ,
609 655 634 705 t.
680 648 793 702 Antonii
817 649 899 704 armis
924 659 1048 700 sennem
1072 649 1234 700 numerum

186 754 214 795 et
230 743 332 795 iusticia
349 741 439 792 deletu
450 740 557 811 fuisse,
575 738 724 811 queritur.“
762 736 907 789 Wetzel.

258 829 452 896 „Controversa
469 837 509 880 est
532 827 611 880 lectio
636 826 753 878 dissensu
774 836 892 878 veterum
911 823 1042 877 librorum
1062 824 1108 892 [?].
1137 822 1234 877 Cicero

186 918 318 989 scripsisse
348 915 464 970 ridetur:
501 931 583 986 quum
609 939 642 956 ·-·
667 924 781 966 senetur
810 913 1046 964 tantummodo
1072 927 1171 964 nomen
1200 917 1236 980 (r.

187 1005 330 1055 nonnisi
348 1008 452 1059 nomen)
471 1002 499 1054 iu
518 1000 672 1072 republica
691 1009 761 1055 erat.
808 999 875 1053 Nem
903 1008 1009 1052 senatus
1036 998 1144 1070 quidem
1171 1012 1236 1062 eret,

184 1092 229 1143 sed
248 1106 261 1143 s
279 1090 376 1143 Clodio
393 1099 553 1162 eormptus,
572 1105 653 1161 quem
670 1087 769 1154 Cicero
788 1105 844 1140 non
864 1103 913 1158 pro
930 1105 992 1139 vero
1010 1085 1111 1140 Senatu
1130 1086 1236 1142 hebet⁴‘

185 1177 436 1250 Wyttenbacls.

256 1270 500 1332 „Smetusnomsn
516 1267 545 1318 in
564 1284 619 1335 rep.
638 1283 691 1317 mm
713 1275 791 1317 erut:
820 1264 837 1317 i.
856 1283 896 1329 e„
925 1275 954 1316 ut
979 1263 1101 1333 loquitur
1119 1262 1237 1316 Velleius

184 1353 241 1406 Pet.
258 1352 291 1419 ΙΙ,
310 1356 369 1419 3οη
388 1353 530 1422 Pompeius
545 1352 717 1404 tribuniciam
733 1361 897 1421 protestatem
914 1351 1050 1415 restitnit,
1069 1352 1148 1403 seius
1156 1349 1235 1402 Sulla

184 1441 339 1511 imaginem,
358 1440 475 1503 sinere,
499 1438 655 1509 relisuerut.
697 1438 781 1491 Nobis
805 1436 947 1508 legendum
973 1438 1091 1492 rideturs
1116 1441 1236 1490 &nutus

184 1526 314 1577 nomine
331 1528 360 1578 r'n
379 1545 407 1577 rs
422 1525 548 1595 publicu,
574 1544 626 1577 non
644 1544 679 1577 rs
695 1537 765 1579 erat.
813 1524 892 1579 cont.
911 1545 962 1596 pro
980 1524 1047 1578 Sest.
1067 1528 1111 1578 ts.
1130 1529 1173 1580 15.
1191 1529 1235 1579 tt.

184 1613 290 1666 Vocula
308 1631 337 1665 re
354 1612 477 1667 excidisse
507 1614 594 1683 potuit
610 1613 646 1666 ob
673 1632 788 1685 sequens
814 1634 828 1664 e
856 1615 884 1666 in
902 1624 973 1664 erat.
1018 1617 1118 1665 Nomen
1144 1625 1170 1666 et
1194 1633 1236 1666 res·

184 1701 235 1754 etti
265 1702 377 1756 invicem
406 1712 584 1773 opponuntur
609 1703 687 1754 Verr.
704 1704 738 1755 V.
756 1705 799 1755 ²5.
818 1704 862 1755 st.
888 1701 921 1754 de
949 1700 1009 1754 Dis.
1028 1701 1047 1766 Ι,
1068 1705 1109 1755 16.
1139 1701 1234 1753 Pemd.

184 1790 219 1854 V,
237 1794 268 1842 l:
288 1807 335 1841 ner
352 1791 402 1843 lios
418 1799 474 1841 tum
492 1805 529 1841 rs
546 1798 607 1854 απ,
618 1805 700 1861 quern
718 1789 820 1841 dictu
835 1789 1010 1859 inopinatum.
1048 1788 1108 1839 Vid.
1128 1784 1234 1841 Ruhuk.

183 1877 217 1930 ed
237 1877 330 1930 Vellei.
350 1878 366 1931 Ι.
386 1877 422 1929 tt*
459 1873 624 1947 Borgers.

256 1965 321 2029 „Est
338 1964 404 2018 hese
422 1965 555 2036 Bergersii
579 1962 695 2035 suspicio
725 1964 874 2035 exemplum
903 1962 1032 2034 elegantis
1059 1955 1238 2018 coniecturue.

183 2052 267 2105 Nubis
284 2063 373 2106 autem
391 2047 538 2123 aliquande
554 2053 582 2104 in
601 2063 717 2106 mentem
737 2054 808 2105 venit
826 2070 860 2104 eu
880 2051 976 2106 Cicero
993 2052 1137 2123 scripsisset
1150 2057 1235 2105 Senu-
1296 2121 1298 2128 Ι

184 2150 233 2192 tus
250 2155 342 2191 nomeu
358 2142 387 2192 in
404 2138 540 2210 republica
558 2142 660 2191 inune
677 2152 747 2195 erat.
783 2140 939 2194 Formulem
965 2150 1077 2193 senatus
1094 2152 1135 2193 est
1153 2141 1232 2191 inune

184 2245 278 2279 nornen
301 2238 327 2281 et
350 2237 392 2279 est
415 2243 508 2280 nonssu
531 2229 587 2280 siue
615 2228 740 2298 esemplis
756 2228 886 2281 similibus
913 2228 1086 2298 intelligimus
1114 2227 1234 2298 quidem,

184 2333 240 2368 non
258 2315 436 2368 iniucundum
457 2326 545 2368 temen
563 2313 613 2369 erit
630 2316 731 2380 videre,
753 2333 823 2387 quae
842 2316 991 2370 notaverint
1016 2318 1044 2368 in
1071 2316 1164 2386 primis
1188 2314 1234 2368 lu-

183 2413 257 2458 retus
275 2404 309 2457 ed
326 2402 518 2475 Symmachum
536 2403 618 2475 Epist
636 2404 666 2470 ΙΙ,
686 2407 729 2457 5².
758 2414 784 2457 et
800 2404 959 2474 interpretes
983 2403 1016 2455 ed
1042 2403 1090 2456 Sil.
1113 2402 1233 2467 tutiet,

182 2495 265 2547 tw
284 2492 598 2563 Hostum-Peerlkamp.
625 2493 652 2545 in
672 2508 784 2545 censure
810 2490 858 2545 Ed.
885 2491 1007 2561 Borgers.
1030 2492 1058 2544 in
1082 2487 1149 2544 Bibl.
1168 2489 1234 2545 Crit.

181 2582 256 2635 Nera
275 2580 319 2637 ΙΙΙ.
339 2599 366 2651 p.
383 2582 445 2635 ΙΙΙ.
465 2606 499 2619 -
536 2580 591 2633 lem
610 2582 739 2634 addamus
754 2592 871 2634 nostram
890 2581 924 2632 de
943 2579 969 2631 h.
987 2579 1004 2633 l.
1024 2580 1198 2633 senteutisms

256 2666 385 2721 Offensus
402 2686 466 2721 voce
483 2686 536 2720 nun
552 2667 687 2741 Graevius¹
701 2668 814 2721 deletam
833 2686 892 2721 eam
907 2668 1024 2722 volebat:
1044 2688 1144 2722 nomen
1162 2670 1234 2724 enim

183 2767 290 2809 senatur
308 2757 335 2808 in
354 2773 384 2808 re
403 2756 509 2827 publice
527 2756 607 2813 tuisse
625 2757 725 2822 licens,
745 2757 789 2810 sed
808 2776 919 2824 nomen,
941 2777 996 2810 nou
1014 2776 1081 2824 rem,
1101 2759 1231 2812 esstitlsse.

77 2891 79 2897 ⁴
183 2844 226 2897 Ad
245 2862 314 2914 quse
332 2854 405 2896 recte
424 2843 563 2901 Emeum,
584 2847 693 2911 Verum,
713 2846 809 2915 inquit,
828 2844 925 2898 Cicero
944 2862 1000 2897 nou
1018 2846 1084 2898 solet
1103 2847 1140 2910 id,
1160 2845 1232 2917 quod

181 2930 312 2985 Graevius
330 2930 446 2995 solebat,
470 2932 509 2985 siu
528 2933 688 3002 exprimere:
716 2932 887 3003 dixissetque,
908 2942 937 2985 ut
956 2948 1006 3003 ego
1024 2932 1089 2985 olim
1109 2930 1233 2987 coniece-

182 3038 257 3086 rsm‚
275 3036 367 3071 nomen
386 3020 480 3072 modo
496 3030 572 3085 erut,
595 3022 796 3074 autnomenin
814 3019 983 3088 republica,
1009 3038 1061 3071 nou
1077 3038 1135 3086 res,
1162 3030 1232 3075 erut.

182 3108 358 3162 Gernhardus
376 3126 446 3174 vero,
465 3108 595 3163 librorum
614 3108 754 3163 lectionem
775 3126 895 3174 seriens,
911 3106 1074 3173 „Graevius‚
1090 3107 1193 3179 iuquit,
1212 3109 1233 3161 si

183 3198 268 3250 verbis
286 3198 561 3265 retransmitteret,
587 3197 685 3249 ciuitas
703 3214 756 3249 non
773 3206 843 3260 erat,
862 3195 956 3247 consul
972 3214 1025 3247 nou
1042 3206 1116 3259 erut,
1135 3196 1234 3268 quibus

183 3283 280 3338 Cicero
304 3286 348 3354 (ut
374 3284 456 3338 Offiu.
474 3282 519 3349 ΙΙΙ,
538 3288 564 3347 Ι,
583 3289 616 3337 2:
641 3285 775 3336 exstineto
804 3293 916 3340 senatu,
943 3283 1089 3351 deletisque
1113 3284 1233 3350 iudiciis)

171 3373 311 3444 ¹temporis
328 3370 398 3426 illius
416 3373 584 3445 iniquitatem
603 3382 758 3444 exaggeret,
777 3371 877 3425 moveri
896 3388 951 3424 non
971 3371 1074 3442 putuit,
1094 3381 1123 3425 ut
1142 3370 1234 3442 vulge-

183 3471 237 3513 tsm
255 3469 390 3526 tumtun
418 3480 474 3514 nun
492 3473 547 3515 tam
571 3461 700 3533 particule
718 3478 771 3512 non
789 3458 933 3526 eiiciendae,
963 3478 1045 3529 quem
1073 3459 1101 3511 in
1130 3461 1235 3513 nullum

121 3554 125 3561 ’
183 3546 310 3598 mutanda
331 3557 396 3603 erat.
430 3546 478 3602 sie
495 3558 567 3601 certe
592 3549 660 3603 ordo
683 3550 827 3601 verborum
848 3558 996 3600 servaretur
1021 3548 1146 3614 idoneus,
1176 3552 1232 3620 qui,

182 3645 315 3704 expuncto
332 3654 398 3700 nou,
429 3636 527 3689 mutari
546 3636 669 3690 debet-et:
697 3646 810 3687 senatus
828 3637 856 3687 in
875 3650 903 3686 rr
922 3634 1030 3704 publicu
1048 3650 1140 3686 nornen
1157 3636 1232 3703 (teu-

183 3721 254 3787 tum)
281 3733 349 3777 erat.
402 3722 568 3776 Adiectivum
594 3724 688 3775 nullus
715 3722 814 3775 videbis
838 3724 861 3791 5.
880 3725 921 3775 ts.
948 3723 1070 3788 (consul,
1102 3725 1150 3795 qui
1174 3735 1233 3777 tem

183 3807 303 3860 nullus
315 3810 430 3880 fueret)
455 3822 481 3865 st
508 3811 560 3863 Lis.
581 3812 676 3876 xxvt,
697 3816 746 3865 st:
774 3811 913 3863 nullum
936 3812 991 3862 lum
1018 3824 1135 3865 nemen
1162 3826 1231 3866 esset

179 3896 276 3964 populi
292 3898 432 3953 Remarrir‘
466 3898 535 3950 Adde
562 3898 618 3954 Cic.
646 3901 679 3953 de
707 3897 885 3971 Legg.11,u.
906 3903 954 3952 tt:
979 3900 1066 3970 igitur
1090 3910 1121 3952 tu
1143 3902 1231 3952 turios

182 3992 209 4031 st
227 3983 379 4050 Appuleiae
405 3982 476 4056 leges
501 3987 622 4040 nullas
639 3987 669 4057 (i.
689 4006 711 4040 e.
738 3987 813 4040 nullo
832 3986 1058 4055 torneamenta,
1086 3990 1156 4059 leges
1176 4006 1231 4042 nun

182 4069 339 4138 censendas)
354 4071 461 4138 putus?
480 4073 513 4125 de
532 4073 582 4129 Or.
602 4076 620 4140 Ι,
641 4079 666 4141 ΙΙ,
686 4079 734 4129 38ι
752 4095 807 4128 rem
822 4075 973 4144 publicum,
993 4096 1073 4149 quom
1093 4095 1165 4129 nunc
1184 4079 1229 4128 vie·

181 4166 317 4221 tenemus,
335 4159 388 4208 iam
407 4160 606 4215 ‹tte-nuttam
624 4164 806 4217 haberemus.“
848 4163 882 4216 Et
905 4163 1079 4218 Gernhurdus
1103 4165 1231 4234 probabi·

181 4243 241 4296 liter
259 4245 376 4314 quidem.
414 4246 458 4301 Est
478 4261 565 4302 temen
586 4251 660 4305 locus
676 4250 831 4321 suspicioni,
851 4251 980 4319 vulgatam
996 4270 1050 4303 non
1069 4270 1123 4304 esse
1141 4271 1228 4305 reram
