3059 4925
521 505 714 553 sanenuxun
735 506 766 551 v.
793 506 862 552 cur.
882 508 930 551 ιιι.
1172 480 1245 552 257

198 659 255 712 Cra.
272 663 297 714 3.
315 663 426 727 oimnes,
444 671 474 716 ut
493 664 603 718 voluisse
623 665 741 718 videatur
759 665 883 716 domines.
928 663 1001 717 ldem
1017 665 1083 716 scite
1101 683 1151 735 pro
1168 663 1243 716 scire.

197 745 275 801 Drsd.
291 752 318 801 4.
337 749 463 802 videntur
480 761 512 803 et
532 753 661 804 timentur
677 751 793 822 (omissis
806 750 920 817 mediis).
956 750 1011 802 Pro
1030 751 1159 803 timentur
1177 768 1242 803 con-

195 834 244 886 ieci
263 835 409 907 aliquando
427 838 544 890 timendi.
580 840 659 893 Nunc
676 839 751 893 istam
773 858 835 892 cum
848 836 1064 892 antecedentibus
1082 835 1243 890 convenien-

196 924 258 976 tiam
277 926 386 978 nonita
406 925 581 979 necessariam
599 928 726 981 existimo.
764 925 823 979 Mr.

266 1012 353 1064 Iudex
370 1014 442 1080 vem]
478 1013 653 1084 „lingendum
679 1024 775 1086 putant
798 1012 869 1065 docti
898 1010 1007 1082 quidam
1033 1011 1143 1061 Index
1169 1030 1244 1065 vero:

194 1098 291 1167 quibos
309 1099 506 1171 propemodum
525 1101 680 1155 assentior.“
699 1100 898 1153 Lambinus.
947 1098 1031 1152 Aldus
1048 1096 1161 1151 Codices
1184 1117 1245 1151 suos

194 1202 288 1238 omnes
305 1187 455 1239 consentire
473 1187 509 1241 ait
528 1187 555 1240 in
575 1186 721 1259 scriptione
739 1189 829 1241 iudex.
850 1216 883 1224 -
921 1187 987 1253 „sic
1004 1197 1029 1241 et
1047 1186 1127 1239 MSS.
1146 1186 1243 1240 nostri:

193 1288 282 1343 neque
300 1273 484 1329 inclinandum
503 1275 531 1327 in
549 1275 673 1328 Lambini
693 1276 782 1330 index.
820 1276 913 1347 Neque
932 1274 1004 1327 enim
1022 1275 1102 1326 index
1121 1274 1244 1329 timetur:

191 1357 244 1409 iam
263 1359 335 1413 euim
354 1363 485 1416 accusavit
503 1382 581 1416 suum
599 1381 692 1429 esum,
709 1363 871 1435 simulatque
888 1363 983 1417 indicis
1008 1382 1108 1417 nomen
1132 1363 1243 1434 accepit.

148 1515 154 1528 ·
192 1443 316 1501 Ceterum
340 1447 423 1518 digna
442 1449 544 1503 videtur
573 1452 711 1505 notatione
735 1453 869 1524 scriptura
895 1450 954 1504 Pal.
981 1451 1068 1517 tertii,
1099 1450 1146 1520 qui
1171 1460 1243 1501 tum

177 1529 299 1586 ‘habeti‘
325 1533 465 1589 Gruter.
509 1537 570 1602 „Al
600 1538 705 1588 index
730 1557 800 1590 vero.
837 1538 890 1591 Sed
904 1538 962 1591 'sive
986 1539 1068 1590 iudex
1090 1539 1142 1591 sive
1160 1538 1241 1591 index

192 1631 293 1673 metum
312 1623 470 1675 nocentibus
487 1623 611 1678 incutit.“
630 1625 728 1678 Facc.
765 1627 851 1676 Index
870 1625 950 1677 babet
969 1644 1038 1676 unus
1056 1624 1106 1680 Ox.
1121 1624 1154 1679 N.
1187 1624 1242 1677 Pro

190 1707 305 1762 lectione
321 1708 402 1760 iudex
429 1710 520 1764 laudet
544 1711 628 1782 Borg.
665 1710 819 1764 Sallustium
847 1709 903 1763 Cat.
923 1713 979 1764 14:
1008 1721 1060 1760 out
1080 1729 1133 1778 pro
1151 1711 1243 1780 suetis

174 1796 362 1865 'iudicium
379 1798 510 1851 timentes.
546 1798 604 1852 Nec
623 1817 700 1864 vero,
720 1816 801 1869 quem
821 1797 916 1851 excitat
933 1795 1072 1850 Ciceronis
1098 1794 1187 1848 locum
1208 1795 1241 1849 de

190 1882 257 1955 Rep.
276 1884 319 1950 ltl,
340 1889 391 1952 tt,
408 1885 461 1940 huc
481 1886 628 1957 quicquam
647 1886 719 1941 facit.
766 1884 862 1937 Melius
881 1883 1000 1937 Orellius
1027 1883 1106 1935 affert
1131 1880 1186 1935 Cic.
1208 1881 1242 1935 de

190 1972 272 2044 Legg.
292 1974 312 2037 l,
332 1976 444 2038 14,41;
473 1974 544 2025 nibil
566 1975 643 2037 timet
668 1974 722 2026 nisi
747 1983 842 2025 testem
860 1982 886 2023 et
911 1971 1062 2022 iudicem
1071 1990 1081 2029 ;
1108 1969 1153 2021 ubi
1179 1968 1242 2021 item

191 2058 286 2112 Graes.
304 2058 408 2113 volebat
424 2061 553 2112 indicem:
583 2079 662 2132 qnem
689 2044 862 2115 refutavimus
887 2059 919 2111 ad
948 2077 1009 2110 eum
1026 2057 1116 2111 locum
1135 2077 1162 2127 p.
1180 2058 1242 2110 101.

191 2147 240 2200 Ed.
260 2160 341 2203 nostr.
359 2159 384 2202 et
402 2147 448 2202 Cr.
466 2177 500 2188 -·
536 2148 671 2202 Scribitur
695 2149 723 2201 in
743 2147 811 2202 Cod.
830 2151 888 2200 Cre.
908 2152 933 2199 2.
960 2146 1125 2197 dominatum
1152 2142 1242 2209 babet,

190 2237 219 2288 in
238 2235 317 2290 Drsd.
336 2240 361 2289 1.
381 2248 406 2291 et
423 2240 448 2291 3.
468 2237 638 2289 dominatum
655 2234 796 2291 liabent.
816 2262 850 2274 ·-
869 2233 959 2304 Pergit
978 2230 1044 2284 Cod.
1061 2229 1114 2283 Ox.
1133 2229 1169 2281 E:
1191 2231 1239 2283 At

190 2333 310 2377 nowest.
346 2321 405 2380 Cra.
425 2329 449 2377 2.
466 2343 503 2376 un
521 2343 574 2376 non
591 2334 633 2376 est
652 2324 736 2375 omnis
762 2334 850 2377 metus
873 2319 1073 2373 servitutis.
1109 2317 1240 2370 Drsd.4.:

191 2427 227 2461 nn
248 2430 301 2462 non
319 2411 402 2464 omrds
421 2421 507 2465 metus
526 2411 667 2465 servitutis
684 2409 924 2481 intelligitur.
960 2404 990 2458 ln
1010 2403 1069 2466 Cra.
1079 2408 1105 2456 1.
1122 2402 1240 2473 primum

190 2499 329 2570 scripserat
348 2499 471 2552 librarius
489 2518 524 2550 cn
542 2517 595 2550 nen
612 2508 653 2549 est
672 2499 755 2549 omnis
774 2497 931 2562 servitus
948 2504 1072 2544 metus:
1098 2490 1143 2544 sed
1169 2490 1239 2544 idem

189 2586 277 2640 statim
296 2588 417 2641 correxit.
452 2586 513 2639 Mr.

259 2675 335 2745 Quid
350 2675 424 2726 salet
442 2675 540 2744 igitar]
576 2675 736 2744 „Quantum
756 2672 890 2728 conlisere
908 2671 985 2736 licet,
1014 2669 1078 2721 baec
1103 2667 1134 2719 Ι..
1152 2663 1240 2718 Crassi

189 2762 268 2815 verba
284 2773 347 2816 sunt
364 2761 519 2833 etquidem
537 2763 671 2817 concione
687 2763 721 2817 ad
741 2761 872 2834 populum
885 2759 1049 2819 Romanum,
1068 2772 1120 2826 qua
1139 2753 1241 2806 dissua-

188 2851 234 2915 sit,
253 2839 288 2903 ne
306 2849 410 2917 Cinna,
429 2849 548 2916 Marius,
566 2841 656 2904 Carbo
674 2863 701 2905 et
717 2849 869 2912 Sertorius,
887 2864 950 2899 cum
969 2844 1054 2914 patria
1072 2840 1173 2894 bellum
1191 2857 1239 2907 gc·

189 2947 289 3001 rentes,
307 2938 336 2990 in
354 2937 451 2991 urbem
468 2938 660 3008 reciperentur.
709 2938 738 2989 ln
768 2955 797 2989 ea
823 2944 911 2986 autem
932 2930 1064 2984 concione
1090 2926 1135 2980 illa
1161 2926 1239 2980 verba

187 3024 311 3079 fuerunt:
339 3024 445 3093 Eripite
463 3043 511 3076 nos
528 3043 542 3075 e
560 3025 694 3077 servitute
714 3052 749 3062 —
770 3022 853 3074 nolite
878 3020 963 3071 sinere
981 3044 1016 3070 «-
1035 3016 1087 3067 nisi
1112 3013 1185 3067 vobis
1204 3037 1238 3052 ···

188 3107 286 3180 quidus
304 3136 338 3148 ···
358 3108 487 3164 debemus.
523 3109 548 3163 ls
565 3120 708 3165 autument
725 3110 755 3162 L.
775 3107 886 3161 Crassus
904 3114 1009 3168 orator,
1037 3100 1143 3171 dequo
1160 3118 1238 3169 saepe

187 3195 298 3262 Cicero,
317 3206 344 3249 et
362 3195 450 3249 Livius
468 3197 526 3250 Lib.
544 3202 588 3253 80.
609 3198 671 3266 [rid.
692 3196 835 3267 Epitomeu
860 3193 916 3246 eius
933 3189 1005 3255 libri]
1033 3186 1238 3266 meminerunt-f⁶

186 3282 262 3337 Frc.
281 3283 373 3355 Sylv.
409 3284 471 3337 Fuit
491 3284 586 3350 oratio,
605 3304 657 3356 qua
677 3283 757 3337 suasit
772 3282 860 3352 legem
878 3275 1017 3331 Serviliam
1037 3272 1145 3343 egitque
1160 3288 1238 3322 sena-

187 3382 229 3424 tus
247 3387 352 3425 causam
369 3382 463 3425 contra
481 3372 600 3427 iudicum
613 3382 639 3425 et
657 3382 842 3426 accusatorum
862 3365 1014 3420 factionem.
1051 3359 1120 3411 Vide
1130 3359 1157 3410 lu
1169 3356 1238 3412 libro

187 3460 221 3512 de
238 3457 325 3512 Claris
353 3459 515 3513 Oratoribus
534 3462 569 3527 [c.
586 3463 642 3528 tc]
670 3472 696 3513 et
720 3459 766 3513 lib.
794 3457 838 3510 lll.
868 3455 902 3507 de
920 3450 1006 3507 Claris
1032 3458 1099 3504 orat.
1130 3447 1179 3512 [est
1205 3443 1238 3495 (le

186 3544 263 3601 Orat.
274 3546 294 3611 l,
314 3550 357 3599 5².
375 3545 456 3601 conf.
475 3548 509 3599 a'd
528 3546 735 3615 llerenn.lV,3.
753 3545 801 3599 ubi
819 3545 870 3597 rid.
889 3549 991 3595 anuott.
1009 3533 1116 3588 Graevii
1128 3551 1153 3604 p.
1164 3530 1238 3595 llll]

186 3632 234 3685 ubi
252 3634 343 3687 eadem
364 3634 421 3701 [sed
438 3633 526 3705 plura]
546 3632 633 3687 Crassi
651 3632 730 3685 verba
747 3630 921 3684 recitantur.“
946 3622 1020 3675 ΑΜ·
1038 3619 1167 3672 Manui·

256 3721 308 3772 illo
326 3749 361 3763 -
381 3722 473 3775 crant
489 3751 525 3763 -
543 3722 642 3789 oratio]
662 3719 743 3788 „Qua
762 3716 871 3770 Crassus
888 3711 968 3767 suasit
985 3711 1071 3779 legem
1089 3703 1237 3768 Serviliam,

186 3808 299 3879 egitque
315 3806 430 3862 Senatus
448 3827 572 3875 causam,
597 3808 642 3862 sed
662 3807 741 3861 nimis
760 3800 934 3865 assentando.
959 3809 988 3851 ut
1006 3803 1117 3867 apparet
1134 3811 1163 3843 ex
1182 3791 1238 3850 eius

186 3894 286 3958 verbis,
302 3896 399 3966 quibus
417 3896 552 3967 professus
570 3908 654 3950 estse
674 3881 767 3968 populi
785 3890 900 3945 Romani
919 3901 1023 3942 servum
1041 3884 1123 3935 esse.“
1140 3879 1237 3932 Face·

257 3982 331 4053 Quid
347 3983 423 4035 solet
442 3984 530 4053 igitur
546 3983 598 4035 illa
611 4012 646 4026 ···
659 3984 749 4036 Crassi
759 4008 793 4022 —
805 3976 924 4043 oratio?]
943 3972 1010 4028 Cod.
1030 3968 1088 4022 Cra.
1106 3970 1131 4020 3.
1165 3964 1239 4034 Quid

183 4072 286 4125 volet.
307 4069 422 4124 (iud-A.
441 4069 539 4125 omittit
555 4072 649 4143 igitur,
680 4073 738 4123 Cen.
752 4072 778 4122 1.
805 4062 981 4125 mesmillo,
1009 4075 1071 4112 cum
1087 4050 1188 4148 ⁰³2¹:
1206 4064 1235 4108 tt·
1305 4092 1310 4098 -

187 4157 326 4222 Dred.·l.;
351 4155 432 4210 Drsd.
449 4164 476 4213 4.
493 4157 572 4211 babet
598 4159 665 4229 quid
686 4157 773 4228 igitur
797 4153 887 4212 volem
914 4148 995 4206 Drsd.
1012 4150 1039 4202 5-
1068 4138 1134 4235 qlfl‘l
1150 4142 1237 4203 ‘lim'

188 4244 238 4296 illo
249 4245 325 4297 volet
333 4264 344 4305 ,·
364 4241 425 4297 Cra.
436 4248 461 4297 2.
479 4244 529 4295 illo
548 4262 610 4296 vos
628 4240 846 4314 eloquentissimi,
865 4237 910 4291 sed
925 4237 952 4288 io
964 4252 1038 4301 seqq.
1048 4231 1179 4279 omittitur
1189 4234 1236 4266 ιο-

962 4322 1007 4390 17
