3059 4925
291 422 312 467 Χ
443 422 544 469 trtottx
569 422 752 468 straturus
781 424 899 469 cutrtct
927 425 968 470 ΔΙ)
996 425 1180 474 ΡΑΙΙΑΙΙΟΧΑ.

289 568 317 631 iir
336 578 390 632 fine
407 577 517 651 legitur:
542 580 632 630 Marci
653 579 739 645 Tulli]
757 582 889 633 Ciceronis
909 580 987 631 Liber
1012 582 1044 632 de
1066 582 1214 650 paradoxis
1231 583 1340 653 explicit

285 667 408 736 feliciter
425 666 580 735 Erffordiae
597 668 631 717 Iu
654 666 754 736 Vigilio
774 669 881 719 Mathia
893 658 1259 738 o—pliAuquCCCCLXll.
1285 671 1340 724 Ha·

292 753 336 807 het
355 753 423 807 solas
440 753 626 824 inscriptiones
650 753 772 821 Latinas,
800 755 919 810 Graecae
938 757 1041 812 desunt.
1078 757 1216 810 Vocabula
1236 757 1339 814 Graeca

292 843 446 913 depravata,
474 853 499 896 et
521 843 556 895 ita
576 842 700 914 quidem,
727 853 757 895 ut
775 845 890 915 scriptor
914 844 1013 900 litteras
1032 846 1149 901 Graecas
1174 867 1224 917 pro
1242 849 1340 902 Latinis

291 931 423 1000 corruptis
446 929 566 984 hahuisse
593 929 726 993 videatur,
757 950 772 982 a
798 950 825 983 se
857 933 1042 1003 corrigendas:
1073 935 1111 988 sic
1137 935 1210 1006 quod
1236 934 1339 989 Graece

289 1019 417 1088 scriptum
442 1017 545 1070 videbat
569 1014 677 1082 θετικιὶ,
708 1018 820 1072 fortasse
853 1040 994 1091 perperam
1020 1033 1153 1075 exaratum
1180 1024 1338 1088 ΘΗΤΙΚΛ,

288 1105 392 1176 scripsit
409 1106 572 1164 ONOYIVA.
618 1104 745 1158 Ceterum
773 1127 823 1159 nec
840 1107 950 1162 Latinae
975 1108 1161 1178 inscriptiones
1178 1108 1256 1181 plane
1276 1128 1337 1162 cum

288 1192 363 1245 editis
381 1193 559 1246 consentiunt.
596 1191 744 1264 Aliquoties
762 1193 933 1264 reperiuntur
953 1192 1208 1266 διττογραφούμενα,
1226 1197 1271 1249 sed
1290 1216 1338 1250 co·

288 1281 345 1334 lore
370 1282 457 1340 rubro
478 1280 568 1334 oblita.
612 1281 730 1350 Vestigia
756 1282 881 1354 antiquae
905 1283 1072 1354 scriptionis,
1098 1304 1179 1354 quam
1205 1282 1336 1353 ὄρθογρα-

287 1379 348 1431 otor
367 1379 477 1434 vocant,
495 1367 574 1422 hab'et
592 1368 687 1422 multa:
717 1389 800 1440 quare
819 1390 848 1421 er
878 1359 970 1424 codice
998 1370 1144 1424 admodum
1172 1381 1271 1424 vetusto
1289 1371 1337 1422 de-

287 1457 401 1527 scriptus
419 1456 529 1509 videtur.
572 1456 665 1528 Neque
683 1457 894 1510 contemnendas
910 1457 989 1512 hahet
1007 1458 1097 1511 multis
1115 1457 1180 1513 locis
1199 1458 1337 1512 lectiones:

287 1543 361 1598 valde
379 1554 470 1598 autem
486 1544 603 1597 diversus
620 1555 658 1597 est
676 1563 690 1596 a
710 1543 778 1599 Cod.
798 1545 857 1598 Cra.
874 1550 901 1601 1.

356 1634 382 1686 3.
420 1632 481 1687 Ood.
501 1632 671 1684 Greuzeri
688 1633 802 1699 tertius,
819 1634 882 1687 item
902 1634 1070 1701 chartaceus,
1088 1635 1206 1698 octonis,
1224 1634 1337 1704 scriptus

287 1741 310 1774 a.
329 1717 596 1773 MCCCCLXXXIV.
623 1739 674 1774 ncc
699 1731 789 1774 tamen
817 1721 918 1775 videtur
936 1722 1083 1793 descriptus
1100 1721 1144 1789 (ut
1171 1720 1253 1772 multa
1281 1721 1337 1772 eius

287 1807 413 1879 temporis
431 1806 548 1878 exempla
567 1805 698 1859 librorum
720 1807 870 1876 minorum)
888 1828 917 1860 ex
937 1808 1005 1860 libro
1023 1808 1092 1878 typis
1110 1806 1255 1876 exscripto:
1274 1825 1336 1859 cum

286 1895 360 1950 nulla
378 1894 450 1947 enim
469 1915 499 1947 ex
517 1893 622 1961 multis,
640 1914 706 1967 quas
724 1895 825 1961 haheo,
843 1895 1012 1950 Editionihus
1024 1895 1154 1948 veteribus
1171 1894 1250 1964 plane
1268 1912 1336 1946 cou-

287 1984 365 2038 venit.
408 1982 494 2037 Habet
520 1982 645 2036 lacunam
663 1983 727 2035 iude
753 2002 770 2035 a
788 1982 878 2035 medio
896 1981 1026 2059 Paradoxi
1044 1982 1124 2052 primi
1142 1982 1228 2050 capite
1246 1982 1334 2051 primo

286 2090 372 2142 usque
400 2071 433 2122 ad
458 2070 551 2141 capitis
577 2070 686 2126 secundi
713 2070 846 2137 medium,
879 2082 909 2124 ut
934 2069 1029 2123 lolium
1053 2069 1176 2124 excidisse
1199 2081 1334 2141 appareat.

285 2157 405 2212 Graecas
422 2157 609 2228 inscriptiones
627 2178 682 2211 non
702 2157 787 2212 habet.
822 2160 853 2212 ln
872 2179 905 2212 eo
924 2158 1061 2223 vocabulo,
1080 2157 1113 2210 de
1132 2178 1187 2228 quo
1203 2157 1237 2212 ad
1248 2157 1333 2212 Codd.

286 2245 582 2312 calmacianus,
601 2245 652 2300 hoc
671 2246 750 2301 hahet
766 2246 915 2318 singulare,
943 2247 1015 2318 quod
1035 2244 1127 2300 litteris
1146 2245 1246 2298 Latinis
1263 2257 1333 2299 recte

285 2333 409 2387 scribitur
427 2334 546 2400 thetica,
564 2334 609 2387 sed
628 2334 715 2389 addita
734 2336 761 2388 in
782 2335 910 2389 orationis
926 2335 993 2388 serie
1013 2333 1112 2405 glossa:
1141 2334 1171 2382 id
1195 2344 1236 2386 est
1260 2352 1333 2401 poa·

285 2422 440 2487 sessiro,
458 2422 530 2476 unde
548 2433 673 2494 apparet,
693 2442 723 2477 ea
741 2423 915 2479 conversione
935 2431 1041 2494 pravam
1054 2420 1199 2475 multorum
1210 2418 1334 2490 scriptio-

287 2530 348 2563 nem
367 2508 478 2581 serpsisti
503 2529 557 2565 esse
581 2511 721 2565 redditam.
766 2512 837 2564 Inest
861 2511 888 2563 in
915 2511 967 2565 hoc
984 2508 1084 2562 Codice
1102 2508 1180 2561 etiam
1197 2507 1333 2558 Somnium

252 2636 255 2644 .
285 2598 426 2667 Scipionis.
461 2598 524 2651 Nou
545 2610 659 2669 praestat
677 2599 783 2652 duobus
800 2597 1033 2662 antecedentibus,
1067 2597 1187 2665 adeoque
1217 2594 1249 2646 iis
1264 2594 1333 2646 inie-

286 2684 342 2739 rior
357 2685 467 2739 ridetur.
513 2684 734 2758 Inscriptiouibus
752 2686 953 2741 Paradoxorum
972 2684 1071 2738 Latinis
1090 2682 1252 2755 praecedunt
1270 2682 1333 2734 bae:

282 2774 370 2842 primo
387 2772 551 2841 propositio:
569 2774 687 2827 merenda
703 2774 865 2842 propositio,
884 2773 933 2827 rel.
952 2801 986 2814 ·-

355 2859 410 2912 Hos
428 2878 478 2931 ego
497 2858 621 2916 Creureri
638 2860 721 2915 libros
738 2861 795 2932 ipse
813 2862 914 2917 contuli
934 2878 996 2915 curn
1014 2859 1064 2912 Ed.
1084 2855 1245 2913 Gernhardi.

355 2951 447 3001 4-8.
484 2948 563 3003 codd.
581 2950 795 3003 Dresderraee
813 2951 938 3020 quinque.
957 2978 992 2986 -
1022 2946 1116 3014 Quum
1135 2945 1218 3000 trihus
1235 2944 1335 3007 abhinc

284 3034 361 3086 anuis
385 3031 509 3105 legerem.
529 3034 559 3088 F.
579 3034 613 3088 G.
637 3034 786 3092 Ottonis
810 3036 867 3104 (cui
893 3035 1022 3089 debemus
1049 3034 1178 3088 editiones
1201 3033 1332 3089 librorum

284 3120 424 3175 Ciceronis
450 3122 483 3175 de
501 3121 643 3178 Senectute
668 3123 745 3177 etde
764 3122 889 3188 Finibus,
913 3141 982 3194 quae
1001 3121 1158 3193 prodierunt
1176 3140 1201 3173 a.
1217 3122 1288 3174 183⁰
1308 3129 1334 3173 et

283 3210 375 3277 1⁸31.)
394 3212 599 3263 Commentarios
618 3212 730 3265 Criticos
747 3214 777 3264 in
790 3211 868 3264 Codd.
887 3210 959 3265 Bilrl.
980 3209 1121 3266 Gissensis,
1140 3208 1173 3277 (i.
1187 3228 1223 3260 m.
1233 3206 1333 3268 Gissae,

285 3298 379 3369 Heyer.
398 3298 672 3355 1842Lv11uttt
692 3318 737 3371 pp.
756 3304 853 3357 cum2.
874 3299 943 3352 tabb.
962 3295 1082 3368 lithogr.)
1100 3295 1181 3349 incidi
1201 3296 1230 3347 iri
1242 3293 1332 3345 locum

285 3383 401 3455 aliquem
418 3385 461 3455 (p.
480 3385 552 3452 ta),
572 3405 626 3457 quo
644 3387 741 3440 dicitur
759 3399 860 3441 exstare
878 3386 905 3439 in
934 3405 963 3438 ea
982 3382 1147 3437 Bibliotheca
1167 3381 1256 3437 Codex
1276 3386 1334 3431 Pa-

285 3471 445 3524 radoxorum
466 3470 612 3539 Ciceronis,
631 3475 705 3546 isque
724 3476 852 3545 pessimae
872 3484 965 3526 uotaer
983 3470 1062 3537 „Non
1081 3470 1334 3539 melius(haecsunt

285 3561 382 3624 „verba
402 3558 525 3626 Ottouis,
545 3562 577 3613 V.
586 3561 641 3630 (ΙΙ.)
660 3562 794 3634 quamde
813 3560 957 3617 Codicibus
974 3558 1055 3611 Laelii
1074 3569 1101 3611 et
1118 3555 1228 3611 Catonis
1244 3555 1333 3611 Maio-

284 3646 353 3711 „ris,
378 3644 506 3701 iudicium
533 3647 597 3700 ferri
622 3659 707 3720 potest
726 3648 759 3703 de
778 3650 835 3705 cius
854 3646 961 3701 Codicis
982 3644 1103 3716 exemplo
1120 3646 1333 3708 Paradoxorum,

284 3752 384 3802 „quem
402 3752 483 3804 supra
497 3734 529 3788 N.
551 3735 595 3800 ΙΙΙ,
613 3741 639 3791 4.
657 3736 859 3806 descripsimus,
885 3734 987 3806 inquo
1012 3733 1055 3787 bic
1072 3731 1178 3789 libellus
1195 3729 1333 3785 Ciceronis

285 3819 342 3885 „lib
359 3820 383 3872 d.
402 3820 446 3875 fot.
466 3823 628 3877 ter-151.
649 3835 701 3877 tam
720 3825 798 3877 foede
821 3822 995 3893 interpolatus
1023 3830 1117 3882 exstat,
1142 3831 1171 3873 ut
1199 3818 1236 3869 vir
1255 3816 1334 3871 Cice·

285 3924 397 3972 „runem
416 3908 442 3959 iu
463 3928 495 3960 eo
511 3927 648 3980 agnoscar.
685 3912 778 3981 Quare
791 3910 909 3983 exempla
922 3910 1052 3962 variarum
1069 3908 1215 3963 lectionum
1226 3905 1334 3974 alierre,

286 3994 330 4062 „id
350 4012 411 4051 vero
430 4007 467 4049 est
486 3997 604 4053 chartam
625 4002 744 4070 perdere.
783 4003 823 4053 At
842 4018 925 4071 quum
944 3999 999 4066 ipse
1013 4012 1061 4068 ego
1078 3996 1160 4047 leuius
1172 3993 1255 4047 libelli
1266 3996 1333 4046 Tut-

287 4082 373 4148 „lt'ortt'
391 4086 482 4137 varias
499 4087 623 4143 lectiones
640 4110 654 4141 e
673 4092 789 4162 quinqua
810 4087 890 4141 Codd.
909 4084 1104 4141 Diesderrsr'bus
1123 4082 1200 4153 longe
1219 4082 1334 4137 meliori-

289 4168 357 4234 „bus
375 4171 500 4239 habeam,
525 4177 615 4246 gratis
633 4197 678 4230 eos
695 4178 794 4247 offero,
821 4174 907 4247 siquis
925 4174 963 4226 eis
981 4174 1022 4224 uti
1048 4171 1139 4225 velit.“
1185 4169 1259 4225 Haec
1282 4190 1333 4240 ego

1515 570 1524 617 Ι
