3059 4925
479 482 482 487 ·
529 469 570 514 to
598 467 794 521 ructuosos
816 468 845 529 v,
873 465 898 513 a.
1169 444 1244 519 359

192 628 299 683 lacteat.
318 655 352 668 -
389 625 489 679 Multos
505 625 585 679 edam
603 624 784 695 sagacissimos
801 626 870 678 siros
888 625 954 678 haec
972 625 1142 697 brachylogia
1165 628 1241 682 tetel-

193 715 236 781 lit,
254 735 276 767 r.
296 734 320 769 c.
338 712 513 778 tambtnum,
539 712 732 783 llottingerum.
774 712 973 783 Corruptiaimi
992 724 1079 767 autem
1105 726 1167 768 sunt
1185 714 1241 768 Co-

193 802 291 854 dices.“
328 800 407 853 Hunc
425 818 473 853 uos
491 800 628 870 sequimur
646 818 708 854 cum
726 799 776 852 Ed.
796 798 901 852 Teubn.
943 799 1002 852 Non
1023 820 1077 871 quo
1093 802 1239 856 absolutam

192 906 249 940 reru
268 906 323 941 esse
342 887 459 951 credam,
476 886 521 939 sed
540 905 573 939 ne
592 886 702 956 aliquid¹
723 887 799 940 cuius
816 886 849 938 ad
869 905 911 938 me
931 887 1022 940 notitia
1042 890 1151 954 venerit,
1171 889 1240 942 omi-

192 976 253 1029 sisse
275 974 377 1037 ridear,
406 972 475 1025 addo
494 973 559 1025 duas
584 972 764 1040 coniecturas,
792 992 905 1045 quarum
925 992 978 1025 una
1005 984 1042 1026 est
1060 975 1150 1028 Herm.
1168 975 1240 1028 Lie-

192 1060 318 1126 talari,
347 1060 572 1129 Numburgensis,
606 1060 650 1132 qui
684 1061 711 1113 in
731 1051 885 1131 Specimine
910 1061 1104 1113 Historicorum
1132 1062 1238 1115 Romm.

191 1146 364 1218 reliquiarum
387 1148 476 1201 denuo
502 1145 689 1213 collectarum,
717 1147 788 1210 ¹edito
815 1167 887 1201 anno
915 1150 984 1202 1833
1012 1146 1094 1212 (llalis
1121 1148 1193 1212 Sar.)
1211 1152 1238 1202 in

192 1232 306 1287 thesibus
325 1235 500 1288 controversis
517 1234 550 1286 N.
568 1235 637 1289 XlV.
669 1236 741 1289 hunc
764 1236 867 1307 posuit:
900 1234 956 1290 Cic.
982 1236 1078 1288 Parad.
1100 1237 1132 1301 V,
1151 1241 1176 1301 2,
1195 1240 1238 1292 36.

104 1317 108 1322 ’
191 1333 334 1392 transpone
354 1341 471 1395 mecum:
496 1324 589 1393 Atque
607 1332 639 1372 ut
656 1322 686 1373 in
703 1340 802 1394 magua
815 1323 930 1392 familia
948 1333 1014 1374 sunt
1032 1321 1082 1372 alii
1100 1321 1238 1387 lautiores,

191 1419 224 1459 ut
241 1408 293 1459 silri
312 1409 436 1460 videntur
454 1409 635 1461 atrienses
653 1426 693 1460 aa
713 1410 876 1477 topiarii,
895 1410 973 1466 servi,
991 1409 1137 1461 sedtamen
1154 1412 1238 1461 servi:

188 1496 252 1562 pari
269 1504 318 1547 etc.
354 1493 472 1547 Alteram
491 1493 605 1547 exhibuit
623 1494 717 1547 eodem
738 1515 810 1547 anno
829 1495 861 1548 Τ.
880 1495 1014 1560 Baden,
1035 1498 1062 1548 in
1081 1496 1164 1562 libro,
1193 1500 1238 1568 qui

191 1582 344 1635 inscribitur
363 1584 437 1634 Neue
454 1579 565 1633 terret.
584 1581 608 1649 f.
637 1581 735 1633 Plrilel.
764 1602 791 1634 a.
811 1583 934 1653 Paedag.
958 1603 983 1638 ν.
1011 1585 1140 1648 Seebocle‚
1166 1585 1239 1635 Jatm

191 1687 217 1721 rr.
245 1669 342 1726 Klotz,
371 1668 402 1724 ll.
420 1666 515 1738 Suppl.
543 1667 592 1719 Bd.
618 1670 644 1721 3.
665 1666 718 1719 llll.
752 1668 779 1719 in
800 1670 1054 1734 commentatione,
1086 1690 1166 1740 quam
1195 1669 1238 1722 in·

189 1755 306 1825 scripsit:
331 1756 445 1806 Studien
470 1754 533 1806 tiber
558 1755 656 1807 Cicero.
697 1754 805 1808 Estibi
832 1775 858 1825 p.
875 1760 945 1810 dal:
974 1755 1111 1824 „Orellius
1129 1757 1237 1827 recepit,

190 1842 263 1913 quod
282 1841 384 1894 exhibet
402 1840 491 1894 Codex
510 1840 540 1894 C.
560 1841 703 1912 Stephani,
722 1842 871 1912 delevitque
891 1844 968 1896 verba
988 1843 1119 1896 atrienses
1143 1861 1176 1894 aa
1194 1853 1236 1893 to-

185 1930 284 1999 piarii,
303 1930 364 2000 quia
384 1928 410 1980 hi
430 1930 537 2000 quidem
556 1928 641 1981 infimi
660 1930 748 2001 potius
766 1930 870 2000 generis
888 1930 970 1996 serui,
991 1929 1116 1982 lautiores
1132 1929 1180 1982 sibi
1200 1928 1237 1979 ri·

189 2016 246 2069 deri
265 2034 319 2067 non
339 2016 483 2086 potuerint.
518 2015 584 2068 Mihi
604 2036 665 2069 uero
683 2018 825 2069 verborum
844 2019 883 2067 sic
898 2020 962 2086 pari
978 2016 1132 2070 coniunctio
1150 2035 1237 2087 nepio-

189 2104 309 2166 oeloytav
326 2102 441 2155 orationi
460 2102 558 2154 inferre
579 2103 688 2156 videtur.
731 2106 873 2156 Atrienses
891 2117 979 2160 autem
1002 2121 1090 2158 servos
1114 2103 1238 2157 lautiores

189 2209 385 2262 nonnunquam
417 2190 464 2242 sibi
485 2189 552 2242 risos
576 2208 631 2242 esse
659 2190 736 2243 docet
763 2189 837 2245 locus
860 2191 945 2244 Plauti
972 2192 1076 2243 Asinar.
1093 2190 1124 2257 ll,
1144 2194 1169 2253 2,
1189 2194 1236 2243 84:

189 2277 331 2346 Extemplo
345 2277 452 2348 fariam
467 2277 595 2348 faaetum
613 2296 651 2328 me
670 2288 753 2349 atque
773 2297 824 2329 ma
830 2279 918 2350 gnis
919 2279 930 2329 i
935 2298 1019 2341 cum,
1038 2279 1106 2329 Dico
1124 2297 1236 2330 maesse

189 2364 391 2415 atriensem.
435 2363 466 2416 Ei
490 2376 578 2417 autem
602 2364 722 2435 adiungit
740 2364 809 2417 Plin.
835 2365 886 2436 Ep.
905 2364 948 2417 lll.
966 2369 1009 2430 tt,
1028 2369 1054 2420 3.
1083 2365 1236 2434 topiarium.

188 2451 283 2519 Quare
315 2452 434 2505 existima
462 2452 549 2515 illam,
584 2472 664 2524 quam
695 2453 831 2524 amplexus
857 2465 896 2507 est
929 2451 1061 2520 Orellius,
1096 2451 1237 2506 lectionem

188 2541 222 2593 iis
248 2539 354 2604 deberi,
388 2540 435 2610 qui
465 2539 668 2615 offenderentur
694 2542 789 2595 omissa
821 2539 994 2612 comparandi
1024 2538 1152 2610 particula
1176 2550 1238 2592 ante
1318 2570 1322 2577 ,

188 2626 320 2678 atrienses
338 2645 371 2676 ac
394 2628 512 2695 topiarii.
560 2626 613 2680 Sed
632 2629 727 2682 desunt
750 2646 797 2681 eae
816 2627 962 2699 particulae
986 2638 1012 2681 et
1035 2628 1097 2681 alibi
1121 2639 1146 2682 et
1165 2627 1237 2699 apud

188 2713 328 2767 Horatium
347 2713 429 2789 Epist.
448 2713 479 2781 ll,
500 2717 525 2778 3,
545 2717 588 2769 34.
607 2720 669 2773 42⁶¹

262 2852 315 2904 lam
334 2852 388 2904 duo
407 2853 484 2905 nobis
504 2865 602 2906 restant
623 2854 757 2906 iacienda:
788 2855 917 2922 primurn,
936 2871 997 2904 cum
1018 2854 1044 2904 in
1064 2851 1236 2903 annotatione

186 2939 319 2993 Codicum
340 2940 489 2994 varietatem
509 2942 687 3012 posuerimus,
709 2952 736 2993 ut
755 2959 828 2993 stunc
845 2938 999 2993 Editionurn
1017 2938 1086 2990 haud
1105 2939 1236 2990 minorem
1283 2995 1285 2999 y

187 3026 361 3080 diversitatem
381 3046 544 3093 enarremus,
564 3047 677 3098 quarum
698 3027 843 3081 nonnullae
862 3045 924 3081 curn
945 3025 1018 3077 nullo
1038 3025 1116 3096 plane
1136 3007 1235 3078 Codice

187 3116 247 3168 lllS.
264 3116 440 3168 conveniunt:
470 3115 565 3166 deinde
585 3126 629 3179 ut,
655 3125 785 3186 quantum
805 3114 862 3167 fieri
880 3115 990 3185 poterit,
1019 3112 1184 3176 breuissime,
1202 3111 1234 3163 de

188 3204 305 3254 virorum
324 3202 478 3254 criticorum
497 3202 657 3254 coniecturis
676 3201 712 3253 vel
740 3201 898 3255 lealionibus
917 3211 1033 3253 nostram
1059 3199 1235 3271 qualemcun-

189 3311 241 3361 que
259 3291 415 3344 sententiam
434 3290 562 3355 dicamus.

258 3444 361 3498 liabent
377 3443 443 3496 Edd
464 3446 531 3498 Ven.
549 3448 628 3501 teta.
647 3444 725 3500 lldlb.
744 3446 805 3499 Par.
822 3446 901 3499 1512.
919 3442 1002 3514 bugd.
1020 3441 1085 3497 Dar.

258 3554 350 3622 Atque
369 3559 400 3600 ut
419 3549 447 3600 in
465 3567 563 3620 inagna
576 3550 715 3620 familia
734 3549 930 3601 stultorum
948 3557 1012 3598 sunt
1027 3546 1077 3596 alii
1093 3544 1234 3609 lautiores,

187 3648 218 3687 at
238 3637 288 3687 sibi
306 3637 438 3692 videatur,
456 3638 541 3688 servi:
560 3637 590 3687 si
608 3647 696 3688 tamen
708 3639 779 3688 sarri
796 3637 926 3688 atrienses
944 3645 1027 3685 acta
1045 3633 1125 3702 pari
1142 3631 1235 3684 stul-

186 3723 297 3775 titiae
316 3740 397 3776 suae
415 3733 495 3775 sant:
514 3743 580 3795 quos
598 3724 691 3793 signa,
712 3743 778 3794 quas
798 3723 909 3774 tabulae
929 3733 979 3777 cet.
998 3721 1047 3774 Ed.
1069 3722 1127 3773 Asc.
1147 3722 1234 3774 tatt=

186 3811 279 3882 Atque
298 3820 329 3862 ut
347 3810 376 3860 in
394 3827 493 3880 magna
505 3811 620 3880 familia
643 3811 841 3864 stultarum
865 3820 930 3861 sunt
955 3809 1005 3860 alii
1031 3808 1101 3860 luat.
1126 3817 1159 3859 at
1184 3805 1234 3857 stat

185 3895 254 3960 viel,
281 3897 379 3948 servi
397 3896 587 3961 atrienses,
618 3898 680 3949 sed
702 3909 793 3948 tamen
811 3899 880 3949 servi
899 3907 982 3948 actu
1001 3897 1083 3966 pari
1103 3893 1236 3947 stulti-

186 3980 258 4031 tiae
276 3999 356 4047 suae,
375 4001 440 4054 quos
457 3983 535 4054 signa
554 3995 601 4036 etc.

255 4120 321 4174 Edd.
342 4122 410 4176 Ven.
423 4123 502 4174 tttt.
522 4122 587 4193 Arg.
607 4125 701 4194 Atque
720 4133 751 4174 at
770 4124 798 4173 in
817 4139 917 4194 magno
930 4122 1018 4192 sarm,
1037 4116 1232 4169 stultarum

185 4215 249 4256 sant
269 4207 317 4260 alii
343 4207 488 4273 lautiores,
515 4227 574 4261 nea
600 4209 650 4262 sibi
678 4210 802 4263 videntur
829 4207 1054 4262 atriensibus
1078 4203 1231 4270 impares.
