3059 4925
313 438 387 513 366
710 464 875 512 excursus
904 466 961 512 ιιι.

311 644 364 678 esse
383 625 523 695 exiguum,
543 624 644 675 sicum
664 622 754 676 fructu
775 622 944 678 conseratur:
963 623 1007 676 sed
1028 624 1082 676 vice
1101 642 1180 677 versa.
1217 627 1285 677 Cum
1306 626 1359 690 (in-

310 711 379 782 quit)
398 721 489 764 aurata
509 720 575 762 tecta
595 709 622 760 in
641 708 707 761 viliis
736 708 818 762 iacias
842 720 866 762 et
891 709 945 762 sola
965 710 1117 781 [perperam
1143 729 1292 782 expressum
1323 726 1359 764 est

307 801 385 869 foro]
411 814 577 860 marmorea,
605 796 694 867 sigua,
723 797 839 864 tabulas,
865 795 1055 868 supeltectilem
1081 811 1106 851 et
1134 811 1229 853 vestem
1256 799 1358 853 infinite

310 887 497 957 concupiscas,
525 896 551 937 et
570 884 621 938 vim
641 886 770 957 pecuniae
789 886 972 940 incredibilem
1001 886 1047 940 des
1069 888 1172 941 fenori:
1201 909 1257 942 non
1277 889 1356 941 modo

312 976 344 1028 ad
364 974 436 1029 bunc
452 984 601 1044 sumptum,
621 973 667 1026 sed
685 973 764 1026 etiam
783 972 817 1025 ad
835 973 929 1037 fenus,
948 972 1050 1027 fructus
1064 974 1112 1027 'ille
1130 987 1168 1029 est
1186 976 1322 1047 exiguus.“

381 1097 415 1149 Ι).
435 1095 635 1174 Lambinus:
655 1095 732 1158 „Non
744 1095 820 1147 modo
837 1093 880 1145 ad
897 1096 1356 1167 sumptumilleestfructus]

309 1181 430 1247 „Omnes
454 1182 514 1235 libri
540 1193 638 1236 veteres
660 1181 774 1235 babent:
810 1202 863 1235 non
891 1183 967 1234 inodo
991 1184 1036 1234 od
1054 1184 1220 1255 fructum
1246 1185 1292 1236 ille
1316 1196 1356 1237 est

309 1282 467 1341 sumptus
485 1281 536 1324 etc.
580 1270 640 1341 Ego
666 1281 754 1325 tamen
780 1269 921 1324 tectionem
942 1269 1073 1341 vulgatam
1093 1272 1224 1326 retineo.“
1266 1271 1358 1342 (Quos

313 1359 384 1413 dicat
403 1357 547 1411 Lambinus
566 1357 648 1410 libros
664 1368 780 1422 veteres,
800 1376 867 1429 quos
885 1357 1016 1428 vulgatos,
1037 1378 1091 1412 non
1103 1370 1227 1412 accurate
1244 1359 1357 1429 scripsit.

308 1446 482 1502 (iernbardus
501 1445 622 1498 Lambini
642 1445 814 1502 annotatione
834 1444 904 1498 lecta
922 1446 1043 1517 scripsit,
1070 1467 1098 1499 se
1116 1467 1191 1510 eam,
1216 1467 1296 1518 quam
1315 1449 1357 1500 di-

309 1547 351 1592 cat
368 1535 515 1590 Lambinus
533 1533 664 1605 vulgatam
685 1553 700 1587 a
719 1553 746 1587 se
761 1543 909 1600 retentam,
933 1537 999 1595 (nou
1029 1535 1105 1586 modo
1131 1536 1169 1585 od
1188 1545 1356 1604 saraptam

307 1622 607 1693 neaustriam),
631 1621 660 1674 in
687 1620 759 1676 nulia
785 1620 902 1674 editione
928 1620 1024 1687 veteri,
1051 1622 1101 1693 nisi
1125 1623 1153 1676 in
1172 1623 1257 1695 Lugd.
1278 1627 1358 1678 1555.

308 1708 449 1780 reperisse:
477 1727 526 1761 nos
551 1708 663 1761 eandem
682 1707 710 1761 in
729 1708 841 1761 Lambb.
863 1718 889 1761 et
907 1707 1006 1776 Gotb.,'
1033 1729 1103 1781 quae
1127 1722 1186 1782 post
1204 1712 1357 1766 Lambinia·

285 1831 287 1833 -
309 1816 371 1850 nam
390 1796 535 1867 genuinam
555 1795 662 1865 (1561.)
679 1796 764 1849 editae
790 1807 866 1862 sunt,
893 1806 923 1849 ut
940 1796 990 1849 Ed.
1018 1797 1087 1850 aud.
1110 1798 1169 1851 Tai.
1194 1799 1286 1868 (1583.
1313 1818 1355 1868 ap.

307 1883 442 1953 Wecbel.)
461 1888 526 1948 (ison
544 1883 619 1935 modo
636 1884 827 1954 adsumptum
839 1882 956 1955 fructus
965 1893 1006 1935 est
1025 1884 1094 1952 itte),
1113 1884 1188 1957 syth.
1206 1886 1255 1955 (ib.
1264 1886 1356 1952 15110.)

307 1974 373 2038 (non
391 1973 466 2025 modo
484 1971 675 2041 adsumptum
696 1972 742 2023 itte
755 1970 873 2043 fructus
898 1976 962 2037 est).
1007 1971 1061 2025 Sed
1086 1974 1260 2044 posteriorem
1286 1971 1356 2026 banc

307 2059 449 2113 tectionem
468 2058 521 2111 iam
539 2070 600 2111 ante
623 2058 825 2111 Lambiuianam
853 2058 959 2129 reperio
986 2059 1064 2112 etiam
1090 2060 1117 2112 in
1143 2061 1204 2115 Aid.
1223 2064 1301 2115 1552.
1330 2076 1356 2118 et

308 2144 370 2199 Car.
392 2144 482 2215 Stepb.
502 2146 587 2210 1554,
614 2165 680 2217 quas
703 2145 724 2199 si
749 2144 881 2217 vulgatam
909 2145 1007 2199 babere
1027 2147 1169 2202 lectionem
1194 2150 1270 2217 dixit,
1298 2171 1354 2205 non

307 2232 386 2305 plane
405 2244 528 2286 accurate
546 2252 605 2285 eam
635 2232 756 2286 reddidit.
800 2232 926 2286 Ceterum
952 2253 1039 2307 neque
1067 2235 1131 2289 iilud
1157 2237 1236 2309 piane
1263 2256 1354 2290 verum

307 2333 360 2389 est,
380 2340 435 2375 esse
455 2321 482 2373 in
500 2320 575 2373 libris
593 2321 723 2374 veteribus
741 2320 867 2373 omnibus
890 2340 942 2373 non
967 2323 1043 2375 modo
1067 2323 1110 2375 od
1129 2324 1292 2396 fructum
1310 2326 1356 2376 ille

306 2420 347 2464 est
365 2429 402 2462 su
410 2427 435 2460 m
441 2418 542 2479 ptus:
561 2428 623 2461 nam
641 2408 739 2465 babent
756 2409 807 2464 Ed.
825 2407 899 2465 Crat.
918 2421 943 2464 et
959 2409 1020 2464 Atd.
1040 2412 1125 2465 1517:
1153 2431 1205 2464 non
1224 2413 1300 2466 inodo
1318 2412 1356 2464 od

303 2500 432 2569 fructum
447 2496 511 2548 itte
529 2508 653 2567 sumptus
670 2509 733 2553 est.
825 2564 827 2569 ,

379 2599 486 2663 Aldus
503 2599 677 2655 Manutius
695 2602 818 2674 (nepos):
848 2606 928 2670 „Non
952 2603 1027 2656 modo
1052 2604 1090 2654 ad
1113 2604 1355 2673 sumptumvillo

306 2700 348 2742 est
360 2689 524 2759 fructus]
572 2688 630 2754 „Ne
656 2688 699 2743 cui
718 2689 826 2761 postbac
851 2689 975 2743 debuine
1001 2689 1051 2744 loci
1079 2690 1207 2744 sententia
1233 2690 1353 2744 dubitare

307 2795 412 2830 necesse
430 2775 477 2841 sit,
496 2786 614 2828 mentem
632 2773 770 2830 Ciceronis
789 2776 916 2849 aperiam.
953 2777 1015 2843 lite,
1039 2779 1141 2850 inquit,
1171 2779 1288 2844 fructus,
1308 2777 1352 2849 qui

307 2863 411 2936 capitur
430 2883 459 2916 ex
479 2862 606 2935 praediis,
636 2863 662 2916 id
682 2876 720 2918 est
737 2876 856 2919 sexcenta
876 2885 971 2933 aurea,
999 2865 1058 2930 HS,
1085 2877 1188 2920 tantum
1207 2867 1295 2930 abest,
1325 2878 1353 2918 ut

306 2951 423 3023 sumptui
442 2949 570 3016 sufficiat,
596 2951 641 3023 qui
666 2950 695 3005 fit
716 2953 744 3005 in
769 2949 867 3005 auratis
886 2954 960 3006 tectis
986 2945 1134 3025 ceterisque
1159 2954 1238 3005 rebus
1264 2952 1353 3022 magni

305 3040 399 3112 pretii,
419 3051 448 3092 ut
466 3038 545 3092 etiam
564 3037 585 3090 si
602 3039 697 3092 fenore
715 3050 859 3110 augeatur,
879 3041 987 3111 exiguus
1003 3041 1049 3094 sit:
1068 3040 1084 3093 i.
1103 3059 1125 3092 e.
1143 3039 1260 3112 sumptui
1281 3049 1353 3091 tanto

306 3146 361 3181 non
392 3125 496 3179 sufficit.
551 3125 691 3196 Approbat
718 3126 788 3181 banc
822 3125 963 3180 lectionem
992 3147 1079 3181 meam
1109 3129 1234 3200 antiquus
1259 3127 1352 3179 iiber.“

305 3212 404 3267 Utrum
424 3211 553 3284 intelligat
577 3210 676 3267 librum
703 3234 785 3268 manu
813 3216 958 3288 scriptum,
983 3235 1017 3268 an
1043 3215 1144 3268 dudum
1172 3215 1272 3268 editum
1298 3234 1350 3266 non

231 3360 240 3381 Α
307 3311 378 3372 patet
396 3319 425 3353 ex
445 3299 483 3353 bis
502 3299 594 3353 verbis.

375 3405 396 3458 1.
413 3403 603 3458 Gruteruea
620 3405 678 3472 „od
689 3405 855 3476 fructum
872 3408 918 3459 ille
937 3419 978 3461 est
996 3420 1156 3479 sumptus
1176 3436 1207 3448 -·
1225 3409 1352 3478 exiguus]

305 3492 352 3547 sic
371 3491 433 3547 editi
451 3492 605 3564 antiquitus,
623 3492 661 3546 sic
678 3490 759 3547 MSS.
771 3493 851 3547 nostri
871 3494 1052 3568 aliorumque:
1066 3495 1152 3563 ‘voluit
1169 3507 1257 3548 tamen
1274 3494 1352 3546 Lam-

304 3579 397 3637 binus:
414 3598 467 3633 non
484 3580 559 3632 modo
578 3579 802 3650 adsumptum
819 3581 1046 3654 anfractus.
1072 3581 1238 3654 arripuitque
1265 3581 1350 3634 Aidus
1457 3597 1460 3602 ·

306 3687 404 3738 nepos,
439 3667 513 3739 quasi
538 3669 674 3722 inventum
702 3667 730 3721 in
749 3669 810 3722 unis
828 3671 1006 3738 membranis,
1030 3691 1093 3726 cum
1110 3681 1199 3723 tamen
1218 3668 1308 3740 viginti
1327 3682 1352 3722 et

305 3755 419 3826 amptius
439 3766 578 3809 tuerentur
595 3756 753 3827 scripturam
773 3758 906 3828 priorem,
933 3780 1001 3833 quae
1020 3759 1072 3814 hoc
1087 3758 1155 3811 tuit:
1182 3767 1285 3810 tautum
1304 3759 1352 3812 ab·

306 3861 360 3897 esse
377 3852 407 3894 ut
424 3854 543 3896 sexcenta
562 3842 607 3896 itta
624 3843 757 3898 sufficiant
772 3845 805 3899 ad
822 3858 943 3919 sumptus
958 3847 1128 3910 domesticos,
1159 3855 1188 3897 ut
1207 3864 1239 3897 ne
1259 3845 1291 3896 ad
1312 3845 1350 3897 se·

306 3951 356 3987 nus
374 3930 482 4002 quidem
502 3930 695 3985 dissolvendum
714 3935 775 4013 satis
792 3934 871 3989 sint.“

376 4035 396 4090 t.
416 4035 644 4099 fasciolatus
671 4038 700 4092 in
722 4039 773 4093 Ed.
790 4041 880 4096 Patav.
901 4046 980 4096 1720.
1005 4052 1031 4095 et
1050 4041 1150 4093 venua
1170 4041 1249 4093 1147.
1272 4038 1354 4091 edidit

305 4135 336 4178 ut
352 4123 387 4193 ii,
416 4144 484 4196 quos
507 4123 626 4195 vulgatos
649 4125 754 4180 dicebat
773 4126 932 4195 Lambinus,
963 4130 1001 4183 vel
1027 4129 1114 4201 potius
1142 4138 1171 4181 ut
1197 4124 1273 4196 syth.
1292 4123 1353 4178 Aid.

306 4214 385 4269 1552.
403 4222 431 4267 et
448 4209 509 4266 Car.
522 4210 620 4282 Stepb.
637 4232 689 4265 non
708 4213 783 4267 modo
801 4215 1032 4288 adsumptum
1052 4219 1114 4270 ilie
1124 4217 1277 4289 fructus
1295 4226 1352 4266 est:
