3059 4925
492 454 689 503 ntntnoxon
712 456 758 503 vi.
789 456 858 504 ets.
881 457 917 503 n.
1161 430 1236 505 299

187 630 298 685 querum
316 629 428 665 vocem
445 611 570 683 requires
588 613 662 667 addit
681 613 709 666 in
727 612 819 669 Pison.
838 615 888 667 13:
918 614 1037 683 Quorum
1055 628 1131 663 mens
1145 611 1237 683 fuerit

187 717 312 768 oppresse
327 699 461 769 proemio,
480 699 493 750 1
498 700 605 770 ingua
624 699 759 753 adstricta
777 698 914 753 mercede?
949 698 1010 752 Mt.

257 807 317 876 quis
334 807 406 857 hune
423 823 476 856 non
492 814 573 873 putet
591 804 784 872 eonfiterietn]
805 804 847 857 Ad
865 804 939 857 hunc
955 803 1047 857 iocum
1067 803 1133 867 side,
1152 821 1233 874 quem

187 890 277 960 pauido
296 892 418 962 superius
435 910 485 944 nos
508 891 655 961 scripturos
672 910 727 944 esse
754 892 866 945 diximus
883 892 1030 946 Excursum
1049 901 1170 945 nostrum
1189 890 1235 941 xt.

187 977 264 1042 „Sibi
281 978 404 1049 quaesito
422 997 490 1048 opus
508 996 579 1035 esse,
600 990 630 1032 ut
650 978 726 1033 initio
746 978 825 1033 huius
843 979 949 1050 eapitis,
974 978 1046 1032 idem
1064 979 1145 1044 valet,
1165 978 1238 1049 quod

188 1067 257 1134 opu's
275 1083 343 1129 esse,
368 1076 400 1118 ut
418 1065 518 1137 aliquid
542 1065 677 1137 aequitat,
704 1067 871 1120 tenendum
891 1065 1081 1132 haberium,
1107 1085 1162 1119 non
1181 1084 1235 1119 esse

189 1149 324 1205 divitem.“
358 1154 464 1225 Wytt.

260 1258 410 1308 enitentem
443 1258 566 1329 quaesito
587 1278 653 1329 opus
671 1261 720 1328 sit]
768 1259 857 1314 Edidit
881 1257 931 1313 ΟΡ.
956 1279 984 1312 ex
1012 1258 1061 1313 Ed.
1080 1277 1123 1330 ap.
1152 1259 1235 1311 Mens.

188 1340 255 1395 Edd.
272 1361 329 1413 pre.
350 1343 418 1398 Viet.
436 1344 529 1398 Lamb.
552 1344 638 1402 Suffr.
663 1347 736 1401 Petr.
761 1348 807 1398 eui
835 1348 1002 1418 quaesito
1031 1357 1147 1397 autem
1172 1363 1240 1414 opus

188 1429 233 1481 sit.
271 1426 324 1482 Sed
343 1449 507 1502 quamquam
527 1433 549 1485 ei
568 1436 714 1488 assentiunt
731 1453 759 1487 ex
780 1435 878 1489 nostris
895 1432 964 1486 Edd.
982 1432 1062 1486 fldtb.
1079 1434 1141 1485 Par.
1159 1436 1239 1487 1501.

189 1518 268 1570 1512.
286 1514 371 1587 Lugd.
391 1518 456 1590 Arg.
474 1519 534 1574 Asc.
552 1523 631 1574 1511.
645 1521 733 1576 Hetw.
751 1520 827 1574 Cam.
845 1521 914 1574 Βοὴ.
932 1519 1024 1593 Steph.
1038 1519 1145 1585 Coton„
1163 1520 1238 1573 uolui

189 1614 278 1656 tamen
297 1602 376 1657 istum
395 1606 517 1659 ordinem
537 1606 672 1661 insuavem
701 1609 836 1680 recipere,
868 1618 961 1661 contra
981 1627 1062 1678 quem
1088 1606 1240 1661 31110011-

189 1708 251 1743 eum
263 1689 374 1744 'tantum
392 1711 448 1745 non
468 1695 588 1747 omnium
607 1695 765 1763 auctoritas,
785 1696 1003 1767 reliquarumque
1023 1693 1169 1747 editionum
1183 1695 1238 1748 sere

190 1776 320 1831 omnium.
357 1777 403 1832 Est
422 1780 493 1833 enim
510 1781 538 1834 in
557 1782 614 1836 solo
632 1781 725 1836 Duisb.
744 1784 789 1836 cui
807 1783 930 1855 quaesito
948 1792 1029 1835 ante
1049 1784 1117 1850 (non
1135 1787 1240 1846 autem)

189 1881 257 1932 opus
273 1866 325 1931 eit,
344 1876 370 1918 et
387 1866 415 1918 in
433 1863 496 1921 solis
513 1868 581 1922 Edd.
601 1871 690 1925 Venn.
709 1876 789 1927 149².
809 1882 836 1925 et
852 1874 932 1925 1514.
957 1870 1001 1921 eui
1026 1870 1148 1941 quaesito
1173 1889 1240 1940 opus

191 1952 241 2015 sit,
256 1951 352 2005 omisso
371 1964 470 2009 autem.
508 1954 566 2008 ΜΓ.

262 2078 322 2149 quis
340 2097 459 2149 unquam
476 2079 548 2131 liene
565 2097 624 2130 vere
643 2078 742 2130 dixerit
761 2078 903 2148 divitem?]
941 2078 997 2132 Vox
1023 2095 1142 2149 unquam
1171 2075 1243 2130 deest

192 2165 220 2217 in
239 2165 323 2219 Codd.
348 2164 424 2220 Suet.
449 2176 475 2217 et
497 2167 554 2218 Cre.
574 2167 600 2219 3.
648 2162 679 2218 In
704 2168 762 2220 Cre.
782 2172 807 2220 2.
832 2177 890 2221 eret
917 2166 978 2238 quis
1005 2165 1095 2216 dune
1120 2182 1239 2236 unquam

192 2254 277 2319 hune,
294 2252 340 2305 sed
359 2252 432 2324 prius
449 2253 521 2306 hune
540 2272 643 2310 erasum
665 2264 718 2318 θεὶς
745 2254 774 2306 in
793 2252 853 2307 Cn.
873 2257 898 2307 1.
916 2265 954 2307 est
978 2253 1038 2324 quis
1057 2251 1145 2302 dune
1164 2270 1240 2322 unq.

192 2357 251 2392 vere
271 2340 363 2391 dixit
382 2341 436 2392 div.
471 2338 517 2393 Est
534 2340 613 2394 etiam
633 2341 702 2392 dixit
727 2342 755 2395 in
775 2339 842 2395 cod.
858 2340 938 2394 Dtsd.
959 2342 1000 2404 1.;
1024 2339 1052 2391 in
1070 2337 1163 2393 Duisb.
1181 2356 1240 2390 vere

194 2426 302 2480 divitem
320 2426 418 2480 dixerit
423 2449 434 2489 ,·
452 2427 481 2481 in
495 2427 620 2484 Drsd.5.:
639 2430 700 2502 quis
717 2431 791 2483 dune
808 2449 868 2482 vere
886 2429 994 2481 divitem
1013 2427 1124 2493 dicet,
1143 2425 1239 2480 omisso

192 2516 255 2569 item
281 2534 416 2587 unquam5
448 2516 563 2589 denique
588 2518 616 2570 in
646 2516 706 2572 Bas·
731 2519 791 2591 quis
819 2537 883 2590 unq.
911 2516 983 2567 hune
1010 2514 1109 2567 dixerit
1133 2514 1241 2566 divitem

195 2602 277 2655 vere?
311 2603 371 2656 Mn

264 2708 373 2759 Etenim
390 2708 549 2761 divitiarum
562 2709 680 2779 fruetus
697 2710 727 2761 in
744 2711 821 2780 eopia
841 2711 910 2777 est:]
929 2707 992 2772 „sie
1008 2707 1064 2761 dno
1082 2706 1163 2761 MSS.
1183 2725 1240 2759 me-

193 2793 287 2859 liores,
304 2793 468 2849 Pithoeanus
485 2805 512 2848 et
529 2794 604 2849 alius,
649 2795 718 2849 Edd.
737 2800 791 2850 Est
806 2800 877 2849 enim
902 2796 1061 2849 divitiarum
1078 2796 1195 2865 smetus
1214 2798 1244 2846 in

194 2881 298 2950 eopia.“
316 2880 435 2936 Graes.
472 2881 519 2936 Sic
537 2883 616 2936 etiam
636 2883 718 2937 edidit
736 2883 839 2937 Gemit.
856 2894 882 2938 et
902 2892 961 2953 pon
979 2900 1042 2935 eum
1058 2879 1107 2934 Or.
1144 2880 1178 2935 Et
1197 2879 1240 2935 hic

195 2966 303 3038 quidem
330 2988 359 3022 et
378 2966 462 3024 Codd.
488 2968 568 3024 Bern.
593 2969 652 3024 Bas·
677 2969 769 3025 Guels.
793 2971 858 3025 Exe.
885 2969 954 3040 Eyb.
980 2967 1030 3021 Ed.
1049 2984 1106 3037 pre.
1130 2966 1180 3020 Ed.
1200 2987 1242 3039 ap.

193 3054 278 3109 Meus.
296 3056 365 3110 Viet.
385 3056 447 3126 (nisi
468 3058 541 3129 quod
561 3057 587 3110 bi
603 3059 659 3112 duo
677 3058 831 3114 habenteet
845 3059 963 3129 fruetus
980 3056 1009 3108 in
1021 3053 1110 3123 eopia)
1129 3053 1242 3118 Gmev.;

194 3161 243 3196 nos
261 3161 290 3196 ex
308 3142 388 3196 Dtsd.
400 3146 425 3198 1.
436 3146 460 3198 3.
472 3149 498 3202 4.
516 3144 593 3214 (hice
604 3156 645 3197 est
660 3148 705 3218 fr.
723 3148 752 3199 in
770 3146 841 3216 cop.)
858 3151 885 3200 5.
903 3143 1014 3203 Gudss.
1033 3143 1075 3212 (ut
1093 3143 1173 3196 Drsd.
1184 3142 1242 3212 4.);

195 3234 253 3285 Cre.
274 3234 299 3284 1.
317 3229 397 3284 habet
415 3232 522 3284 Etenim
541 3233 596 3289 div.
608 3233 655 3304 fr.
674 3245 725 3286 est
742 3235 779 3286 in
796 3235 914 3303 copie,
932 3250 994 3292 eum
1012 3229 1071 3282 Cre.
1090 3236 1116 3289 2.
1133 3230 1240 3285 suerin.

193 3320 299 3373 Habent
314 3319 394 3373 etism
411 3320 508 3372 etenim
526 3320 578 3376 div.
597 3332 647 3375 ete.
664 3323 708 3391 (ut
727 3322 790 3389 nos)
809 3320 875 3376 On.
894 3319 927 3374 N.
945 3336 990 3382 sm
1009 3317 1054 3372 sed
1075 3316 1126 3372 Ox.
1147 3318 1167 3373 Ι.
1185 3327 1242 3369 ete-

193 3408 249 3461 nim
266 3416 317 3460 ete.
335 3417 366 3460 ut
383 3407 469 3471 Viet.;
485 3405 552 3461 Cod.
569 3408 666 3464 Duisb.
712 3410 821 3465 Etenim
838 3418 891 3460 est
910 3406 965 3459 div.
977 3406 1023 3477 sr.
1040 3408 1069 3458 in
1097 3424 1170 3474 eop.,·
1197 3424 1244 3459 vo-

195 3513 254 3551 cem
271 3495 300 3546 in
318 3492 415 3547 omittit
432 3492 505 3551 Gud.
523 3494 557 3549 Α.
574 3515 636 3550 cum
657 3495 707 3552 Ox.
724 3495 772 3562 E„
797 3497 844 3569 qui
862 3495 890 3549 in
909 3493 1019 3564 reliquis
1042 3493 1183 3549 nobiscum
1200 3492 1241 3545 fa·

195 3582 238 3636 cit.
275 3580 355 3635 Solus
371 3579 430 3636 Cre.
450 3587 475 3634 2.
500 3580 580 3636 habet
597 3584 704 3635 Etenim
729 3583 782 3636 div.
802 3583 845 3653 ft.
869 3583 899 3635 in
917 3582 1065 3634 maxima
1093 3580 1169 3649 eopia
1193 3591 1244 3633 est.

195 3671 264 3725 Cum
283 3669 332 3723 Ed.
352 3669 422 3724 Viet.
447 3670 549 3726 faciunt
572 3670 652 3724 ttdtb.
677 3671 739 3724 Par.
756 3673 835 3725 1512.
853 3672 933 3725 1501.
958 3669 1025 3724 nob.
1052 3666 1144 3738 Steph.
1173 3668 1241 3723 Ven.

194 3758 369 3813 14221514.
389 3758 453 3829 Arg.
472 3758 536 3815 Sola
554 3758 617 3814 Asc.
636 3761 715 3813 1511.
740 3779 769 3813 ει
787 3759 885 3814 nostris
902 3759 974 3812 Vett.
1001 3758 1082 3829 piene
1099 3755 1241 3812 nobiseum

195 3843 273 3909 facit3
292 3843 346 3899 sota
364 3844 428 3898 item
447 3845 532 3916 Lugd.
548 3845 630 3901 habet
647 3848 754 3900 Etenim
774 3846 827 3901 div.
844 3855 886 3899 eet
897 3844 1014 3916 fruetus
1031 3845 1087 3896 ino
1092 3843 1160 3913 pia.
1198 3843 1240 3896 Ad

194 3950 253 3986 retn
272 3933 374 4002 wyte:
393 3934 464 4000 „Est
481 3934 650 4006 sepositus,
669 3946 774 3990 constat
794 3936 822 3988 in
840 3932 934 4002 eopia,
953 3932 971 3985 i·
990 3950 1015 3987 e.
1032 3941 1062 3984 ut
1080 3930 1144 3988 nihii
1163 3930 1240 3995 desit,

195 4030 225 4074 ut
241 4019 353 4084 babeas,
372 4020 444 4093 quod
463 4021 533 4076 velis.
569 4026 689 4076 Fructus
707 4034 795 4079 autem
808 4020 934 4093 exquisite
947 4019 1046 4073 dicitnr
1057 4038 1107 4089 pro
1118 4018 1242 4087 effectus,

195 4127 249 4179 quo
267 4108 410 4162 fruimut.“
446 4112 503 4164 Mt.

267 4212 374 4283 Gepiam
393 4223 483 4267 aetem
501 4216 622 4269 detineat
640 4218 755 4270 setietns
775 4245 808 4260 -
828 4211 1029 4275 abnndantim]
1076 4206 1116 4259 Ad
1136 4210 1245 4255 senten-
