3059 4925
526 511 721 559 rininoxou
749 514 791 559 vi.
823 513 891 561 car.
909 516 944 561 tt.
1181 492 1253 566 291

208 668 333 741 Sylhurg.
359 670 392 722 ad
416 680 497 724 nostr.
523 669 622 723 locum.
647 668 708 723 Fre.
727 668 844 740 Sylvius,
870 673 915 743 qui
941 672 1014 726 illam
1038 674 1253 730 emendationem

209 776 263 810 non
284 770 409 823 noverat,
429 758 570 813 lectionem
587 759 729 810 intercisas
747 759 894 830 explicabat
914 762 1100 834 „interpositas
1123 776 1169 817 aut
1187 765 1256 818 defi·

208 846 310 911 nitas“,
330 845 456 897 nimirum
476 846 620 916 pactiones.
640 869 692 884 -=
711 846 893 913 „Assentirem
917 849 1065 916 hamhino,
1089 852 1110 904 si
1128 853 1254 906 interces-

208 951 255 983 sus
273 932 324 1003 legi
351 942 431 1004 atque
454 932 482 984 in
508 931 558 986 hac
582 932 692 985 notione
716 934 828 1004 reperiri
853 947 995 990 constaret.
1037 937 1128 1009 ltaque
1154 943 1253 1012 recepi,

210 1038 271 1073 cum
291 1020 408 1090 hangio,
427 1020 574 1087 Lambino,
599 1020 741 1087 Manutiis,
767 1022 980 1089 intercessiones,
1007 1024 1059 1079 hoc
1076 1036 1115 1079 est
1130 1028 1255 1096 sponsio·

208 1123 254 1159 nes
273 1107 428 1178 interposita
446 1106 499 1160 tide
520 1128 581 1174 sua,
610 1128 636 1161 se
655 1109 806 1163 soluturum
831 1131 881 1182 pro
908 1112 953 1176 iis,
982 1112 1010 1164 ni
1036 1112 1085 1183 ipsi
1113 1111 1253 1179 soluerent,

208 1213 288 1265 quam
307 1196 512 1266 promittebant,
531 1196 689 1268 pecuniam,
714 1208 744 1250 ut
761 1198 839 1264 secit,
865 1217 926 1253 cum
948 1198 1092 1253 creditores
1109 1197 1140 1252 C.
1156 1199 1253 1253 lulium

207 1279 364 1347 Caesarem,
384 1301 398 1334 a
417 1294 540 1353 praetura
560 1282 589 1335 in
608 1282 762 1355 Hispaniam
782 1283 935 1339 ulteriorem
955 1286 1070 1353 iturum,
1099 1286 1253 1352 retinerent,

208 1388 274 1440 qnos
290 1368 442 1423 interventu
459 1368 547 1423 Crassi
564 1370 687 1441 inprimis
706 1371 819 1425 removit
835 1383 899 1426 teste
917 1371 1062 1426 Plutarcho
1082 1370 1111 1424 in
1129 1372 1185 1425 eius
1203 1373 1253 1426 vita

207 1458 326 1525 [c.12.].
362 1456 392 1510 ln
411 1456 573 1512 Gruteriano
593 1458 758 1527 [intercisos]
779 1459 870 1512 nullus
890 1479 982 1513 sensus
1001 1479 1030 1512 ex
1048 1458 1088 1511 his
1106 1458 1204 1525 verbis,
1224 1471 1253 1512 ut

206 1543 242 1597 ibi
262 1543 358 1609 iacent,
377 1555 464 1615 potest
482 1545 555 1612 elici,·
571 1564 621 1598 nec
638 1557 676 1598 est
689 1545 760 1599 unde
773 1547 889 1617 pendeat
904 1547 1087 1618 pecuniarum.
1123 1544 1169 1599 Sic
1181 1549 1252 1599 enirn

207 1630 233 1683 in
251 1629 295 1683 illa
311 1630 436 1684 hahetur:
467 1634 513 1703 qui
531 1642 598 1684 tues
616 1634 763 1684 mercedum
780 1635 919 1701 pactiones
945 1632 1102 1697 intercisas,
1123 1636 1254 1701 pecunio-

206 1737 266 1769 rum
283 1719 312 1770 in
331 1717 488 1770 coitionibus
503 1719 717 1774 candidatorum.
754 1719 826 1774 llaec
845 1739 895 1773 nec
913 1721 969 1789 ipse
989 1718 1083 1770 Loxias
1093 1717 1192 1788 Apollo
1209 1721 1253 1773 in-

205 1804 333 1875 telligat.“
352 1804 529 1859 Graevius.
573 1805 619 1860 Sic
644 1807 825 1878 usurpabatur
849 1804 1068 1860 aiureconsultis
1093 1804 1164 1857 aliud
1183 1826 1253 1877 quo·

207 1905 259 1962 que
283 1892 408 1958 verbum,
438 1892 510 1964 quod
535 1892 625 1947 laudat
650 1894 796 1966 Parcusi.
816 1914 839 1948 c.
858 1914 888 1947 er
913 1892 991 1947 Celso
1017 1892 1098 1958 lCto,
1123 1894 1251 1949 Pandect.

205 1977 234 2029 L.
255 1982 298 2033 11.
317 1980 357 2033 tit.
377 1982 403 2032 1.
423 1978 441 2031 l.
456 1984 507 2033 48:
532 1983 565 2050 Q.
584 1982 695 2035 Mucius
712 1983 848 2035 Suaevola
871 1983 928 2033 ait:
954 1981 984 2032 Si
1008 1981 1069 2052 quis
1094 1979 1144 2032 sub
1162 1984 1253 2036 usuris
1313 2005 1320 2019 ·

208 2068 336 2121 creditum
355 2068 495 2137 pecuniam
509 2067 739 2139 fideiussissst‚·
767 2068 794 2122 h.
813 2087 836 2122 e.
856 2068 1049 2122 intercessisset.
1068 2094 1101 2106 -
1143 2070 1252 2133 „Inter-

207 2149 335 2207 cessionis
353 2153 480 2208 dicuntur
497 2154 525 2206 in
545 2173 574 2206 re
594 2155 730 2225 pecuniari
750 2156 879 2223 [volebat,
898 2156 1010 2227 opinor,
1029 2153 1059 2206 Β.
1073 2155 1252 2226 pecuniarie],

206 2252 236 2294 ut
252 2243 417 2311 interponere
434 2251 578 2312 usurpatur
596 2259 647 2312 pro
666 2237 761 2294 Milon.
779 2246 811 2297 t:
840 2241 1007 2298 Convocubut
1021 2240 1135 2302 tribus,
1147 2261 1184 2324 ‘se
1200 2244 1211 2291 i
1218 2262 1253 2294 n-
1305 2293 1309 2304 Ι

207 2327 428 2398 terponcbat.
464 2321 544 2382 conl.
571 2330 655 2382 Corn.
682 2330 750 2401 Nep.
779 2331 833 2385 Au.
854 2336 880 2394 2,
899 2333 924 2384 4.
942 2340 968 2381 et
986 2330 1012 2393 9,
1030 2329 1076 2381 5.“
1094 2326 1195 2398 Borg.
1216 2357 1250 2367 -

205 2416 241 2484 „i.
260 2432 282 2469 e.
309 2431 393 2488 quum
409 2415 542 2471 candidati
560 2415 668 2489 aliquod
689 2435 788 2470 munus
818 2426 911 2488 petunt
939 2426 964 2468 et
992 2414 1025 2467 de
1050 2413 1100 2468 hac
1123 2415 1250 2487 petitione

205 2502 333 2557 coitiones
351 2501 456 2569 hahent,
475 2503 492 2557 i.
504 2514 681 2558 econsentus
700 2505 733 2557 ad
750 2516 856 2558 mutuas
874 2503 1041 2558 conditiones
1060 2501 1203 2569 iaciendas,
1223 2517 1251 2558 ut

205 2590 272 2645 alter
290 2591 366 2645 alteri
384 2592 490 2645 cederet
506 2602 614 2664 accepta
627 2594 758 2664 pecunia;
777 2604 808 2646 tu
826 2602 853 2643 te
866 2591 998 2644 arbitrum
1011 2600 1037 2643 et
1055 2589 1184 2659 pecuniae
1203 2590 1251 2642 da·

205 2689 291 2731 torem
309 2678 508 2748 interposuisti,
537 2697 638 2750 magno
667 2680 767 2734 scilicet
791 2681 912 2733 foenore.
948 2677 1029 2731 Conf.
1058 2677 1114 2747 ipse
1139 2676 1196 2731 Cic.
1217 2679 1250 2731 ad

205 2763 242 2832 Q.
260 2765 305 2820 Fr.
322 2764 366 2830 lll,
384 2768 429 2817 1.“
448 2766 627 2836 Wyttenb.
664 2767 769 2831 Restat,
789 2778 818 2820 ut
836 2777 989 2819 nostrorum
1008 2764 1138 2815 librorum
1158 2763 1252 2818 lectio-

205 2872 253 2906 nes
270 2851 375 2925 addam.
397 2870 401 2876 ·
420 2850 449 2904 Si
469 2871 497 2904 cx
525 2852 627 2905 silentio
648 2853 821 2907 collationum
840 2851 1001 2907 concludere
1019 2850 1094 2912 licet,
1121 2867 1176 2901 non
1195 2851 1255 2902 sine

205 2939 361 2992 auctoritate
386 2939 516 2992 Codicum
542 2951 579 2992 est
606 2938 685 2993 lectio
711 2941 927 3004 intercessiones,
954 2936 998 2988 sed
1024 2934 1123 2986 hahent
1147 2933 1197 2987 Ox.
1215 2935 1249 2991 U.

205 3022 277 3080 Gud.
295 3024 328 3080 A.
347 3025 426 3080 Drsd.
445 3029 470 3079 1.
488 3028 514 3083 d.
532 3030 572 3091 4.;
590 3025 668 3080 hahet
686 3026 767 3092 item,
786 3036 815 3078 ut
832 3025 927 3099 diserte
946 3020 1086 3085 scribitur,
1107 3030 1179 3072 retus
1198 3023 1250 3074 Ca·
1339 3048 1343 3055 -

205 3112 256 3165 roli
274 3111 417 3183 Stephani:
447 3113 491 3166 sed
509 3113 573 3165 inde
591 3133 606 3167 a
625 3112 763 3166 Gronovio
782 3113 850 3166 Edd.
875 3130 985 3173 omnes;
1016 3118 1077 3160 ante
1103 3104 1250 3162 Gruterum

203 3201 404 3253 intercessiones
422 3198 520 3252 hahent
542 3199 634 3252 Lemh.
660 3198 757 3253 Colon.
784 3199 895 3252 Lambh.
923 3195 1005 3250 Goth.
1033 3204 1059 3246 et
1081 3194 1250 3263 marg.·Edd.

205 3285 283 3340 Boul.
302 3297 327 3340 et
345 3286 416 3340 Aut.
432 3286 506 3352 Tat,
526 3287 643 3358 itemque
663 3285 710 3340 Ed.
729 3287 801 3340 Petri
819 3285 913 3351 Sulir,
933 3294 967 3349 et,
985 3284 1006 3335 si
1020 3281 1087 3333 fides
1105 3279 1249 3349 collationi,

204 3373 254 3428 Ed.
273 3373 418 3445 apuleus.
453 3373 531 3426 Unus
548 3373 616 3428 Cod.
630 3374 708 3429 Suer.
727 3374 830 3428 exhibet
848 3374 943 3424 inter
961 3366 1152 3421 homicides
1170 3385 1251 3433 pecu·

154 3483 159 3490 ·
204 3460 330 3521 niueum,-
347 3459 397 3513 Ed.
417 3480 472 3531 prc.
492 3461 656 3523 intercidcs5
674 3462 724 3517 Ed.
744 3461 825 3515 lldlh.
846 3481 866 3514 s.
884 3459 901 3512 1.
919 3470 944 3513 et
962 3478 985 3513 a.
1004 3456 1119 3517 incisus,
1138 3451 1249 3509 Gud.B.

203 3547 342 3608 int’eisnes
361 3546 455 3618 reliqui
475 3566 583 3613 omnes,
603 3560 628 3601 et
645 3549 736 3621 scripti
747 3560 774 3603 et
785 3549 856 3615 editi,
874 3546 975 3601 hahent
988 3543 1139 3606 intercisos,
1159 3540 1249 3597 Guelf.

204 3632 275 3686 solus
301 3634 416 3687 int'cios.
458 3634 550 3705 Pergit
573 3634 652 3687 Drsd.
671 3639 695 3689 5.
718 3637 886 3705 pecuniam.
931 3632 1136 3684 Intercessiones
1159 3628 1250 3682 Gesn-

204 3718 303 3772 hardus
320 3738 347 3773 se
365 3722 445 3775 etiam
464 3722 593 3794 reperisse
612 3722 699 3776 relect
711 3723 740 3775 in
759 3723 809 3775 Ed.
827 3721 913 3792 Lugd.
932 3722 1011 3774 1556.
1047 3716 1105 3769 ΜΓ.
1156 3757 1159 3762 -

275 3808 304 3858 in
323 3808 493 3875 coitionibus]
520 3807 599 3862 Solus
618 3808 668 3862 Os.
687 3809 718 3861 E.
746 3820 780 3860 et
803 3810 840 3860 in.
876 3805 1005 3877 Sequitur
1030 3803 1196 3856 contionibus
1220 3806 1250 3858 in

203 3891 289 3946 Codd.
304 3893 369 3947 Oas.
388 3915 413 3963 q.
431 3892 461 3956 u.
480 3894 552 3948 Gud.
572 3895 605 3948 A.
624 3894 654 3948 B.
672 3896 751 3949 Drsd.
771 3901 796 3950 5.
816 3907 842 3948 et
859 3894 909 3946 Ed.
927 3895 989 3946 Par.
1008 3895 1092 3954 15073
1118 3894 1249 3944 concioni·

205 3979 305 4032 busin'
319 3980 403 4034 codd.
423 3980 530 4036 Suerin.
548 3982 628 4036 Drsd.
646 3988 672 4037 1.
692 3990 716 4036 2.
735 3987 760 4038 3.
779 3987 804 4037 4.
833 3985 890 4036 Cra.
910 3983 936 4034 8.
955 3977 1023 4031 Edd.
1040 3977 1120 4032 Hdlh.
1138 3977 1249 4047 Ed.'ap.

202 4066 287 4119 Meus.
306 4069 367 4122 Par.
386 4072 466 4122 1512.
484 4073 565 4125 1543.
592 4071 680 4124 Herw.
704 4073 776 4124 Crat.
801 4070 870 4122 Ven.
889 4071 968 4122 tata.
985 4068 1063 4120 1514.
1089 4063 1151 4116 Asc.
1170 4065 1248 4117 1511.

202 4151 264 4205 ΑΙᾶ.
284 4156 362 4208 1511.
381 4159 461 4209 toti.
488 4157 556 4210 Rob.
581 4157 673 4230 Steph.
697 4157 774 4229 Sylh.
804 4157 888 4229 bugd.
916 4155 983 4226 Arg.
1008 4152 1078 4205 Aust.
1103 4149 1177 4213 Tol„
1204 4150 1249 4200 sed

202 4238 270 4291 haec
292 4239 319 4292 in
345 4258 434 4310 marg.
459 4241 538 4297 habet
561 4245 736 4298 coitionibus..
771 4246 801 4298 ln
821 4247 879 4299 Gn.
898 4246 922 4296 1.
942 4247 968 4296 1.
992 4238 1057 4293 0¹¹·
1077 4235 1108 4287 E·
1128 4235 1147 4285 l·
1166 4233 1199 4289 N·
1216 4232 1249 4286 U·

945 4325 1017 4399 19*
