3059 4925
317 442 391 516 336
727 465 892 514 nxcuxaus
919 466 949 512 v.

315 626 479 682 cumstantiis
497 643 603 689 rerum,
623 625 650 678 in
672 626 769 696 quibus
787 638 928 696 peccatur,
946 625 997 679 alia
1019 627 1101 697 paria,
1118 627 1171 682 alia
1187 629 1288 684 maiora
1310 631 1361 686 alia

313 717 418 770 minora
433 713 625 768 diiudicantur:
644 712 713 767 volut
729 715 831 767 socium
849 714 976 767 fraudare
990 726 1016 767 et
1034 714 1175 786 pupillum,
1193 719 1267 788 paria
1286 731 1363 774 sunt:

313 814 340 857 et
358 812 460 874 patrem
479 799 603 855 occidere
621 801 742 870 gravius,
762 819 843 873 quam
863 819 983 854 servum:
1007 813 1034 855 et
1050 806 1204 875 quempiam
1223 808 1362 860 verberare

313 890 409 956 levius,
437 908 518 961 quam
545 887 702 943 interliccrc.
747 888 806 941 lloc
833 906 942 960 quoque
967 890 1136 961 paradoxon,
1162 892 1232 946 sicut
1257 893 1360 965 reliqua

312 979 380 1043 alia,
406 978 489 1033 Stoici
513 996 544 1031 cx
562 975 705 1031 Socraticis
727 977 897 1032 sermonibus
915 977 1037 1032 videntur
1055 979 1213 1051 arripuisses
1237 980 1360 1036 Socrates

312 1069 401 1132 enim,
430 1067 533 1120 tametd
556 1065 646 1121 multis
663 1066 691 1119 in
719 1065 786 1119 locis
803 1066 862 1120 vitia
880 1066 1007 1137 gradibus
1025 1067 1175 1139 distinguit,
1198 1069 1293 1123 ultimo
1318 1081 1359 1124 ta·

312 1176 374 1210 men
392 1154 463 1208 libro
481 1154 514 1208 dc
533 1153 661 1224 Legibus,
678 1155 710 1206 δι’
730 1154 807 1226 quis,
825 1153 875 1218 ait,
891 1152 1029 1223 publicum
1041 1155 1163 1226 furatur
1175 1156 1283 1226 fuerit,
1302 1159 1358 1209 sive

308 1262 424 1314 parvum
440 1244 497 1296 siva
517 1260 661 1313 magnum,
679 1241 741 1311 pari
756 1259 844 1311 poena
858 1241 1008 1311 puniatur:
1027 1244 1075 1313 qui
1092 1261 1209 1315 namque
1225 1262 1279 1295 rem
1290 1262 1356 1312 por»

310 1351 372 1384 vom
389 1330 519 1395 sustulit,
548 1330 671 1401 quamvis
699 1328 799 1381 minore
823 1329 863 1392 vi,
893 1346 975 1399 quom
993 1330 1040 1400 qui
1057 1348 1200 1402 magnam,
1227 1331 1357 1398 rapuerit,

309 1428 504 1492 arquatorum
523 1416 673 1487 cupiditate
686 1416 807 1485 furatus
824 1425 875 1468 ert.
922 1414 956 1469 Et
973 1415 1100 1471 Horatius
1124 1418 1152 1470 in
1171 1416 1296 1488 Epistolis
1323 1417 1357 1470 ad

308 1505 379 1560 banc
403 1503 570 1560 Socraticam
597 1514 624 1557 et
650 1500 770 1557 Stoicam
794 1502 952 1556 sententiam
976 1502 1077 1559 allusit:
1110 1503 1179 1572 [bib.
1198 1502 1217 1557 l.
1241 1504 1292 1576 Ep.
1312 1507 1355 1558 16.

307 1614 330 1648 v.
349 1593 494 1659 54-562]

343 1681 386 1735 Sit
399 1698 464 1749 apso
477 1678 612 1749 fallendi,
630 1677 750 1731 miscebis
767 1695 848 1731 sacra
862 1678 1009 1749 profanis:
1036 1695 1039 1708 ¹

340 1771 414 1820 -Nnm
432 1767 464 1818 ds
482 1766 553 1818 mille
565 1765 655 1838 fabas
671 1765 765 1819 modiis
784 1785 844 1818 cum
861 1767 977 1836 surripis
991 1786 1090 1834 mum,

342 1861 479 1908 Damnum
496 1865 551 1918 eat,
569 1853 772 1925 nomfocinus,
797 1854 862 1905 milri
876 1864 958 1924 pacto
976 1855 1064 1907 tanim
1080 1855 1162 1908 isto.“

1035 1924 1176 1978 Audom.
1195 1922 1351 1977 Talarus.

376 2057 430 2095 „-
440 2026 566 2082 Ceterum
585 2039 611 2081 ct
629 2026 707 2080 buius
724 2036 751 2079 ct
769 2024 883 2079 aliorum
901 2024 1054 2097 παραδόξων
1071 2030 1282 2084 confutationem
1295 2028 1352 2081 vide

305 2127 402 2188 quarto
420 2126 538 2168 extremo
563 2114 597 2167 dc
620 2113 731 2167 Finibus
747 2113 818 2185 [cap.
837 2118 881 2182 21,
900 2120 944 2170 14.
963 2118 1080 2184 15.16.]
1106 2118 1183 2171 cuius
1206 2117 1258 2171 loci
1285 2116 1352 2171 baec

305 2203 384 2257 verba
401 2202 429 2256 in
448 2201 541 2275 primis
556 2212 619 2256 sunt
637 2201 836 2255 memorabilia:
862 2205 907 2254 Ex
923 2203 1018 2256 iisdem
1036 2204 1173 2257 verborum
1192 2205 1351 2275 praestigiis

303 2302 332 2345 ee
350 2310 432 2362 regna
450 2288 524 2342 uotis
542 2299 610 2342 noto
628 2299 694 2342 aunt
711 2300 738 2341 ct
756 2290 869 2360 imperia
884 2301 914 2342 st
930 2291 1060 2356 divitior,
1077 2301 1104 2343 rt
1122 2302 1219 2345 tantae
1236 2292 1350 2363 quidem,

304 2390 336 2431 ut
355 2380 457 2444 omnia,
486 2396 556 2450 puna
574 2376 672 2449 ubique
695 2377 768 2439 sint,
791 2378 922 2446 sapientis
946 2396 1003 2431 assa
1027 2380 1140 2431 dicatis:
1168 2379 1254 2431 solum
1267 2395 1350 2445 prns-

302 2477 376 2519 tcrsc
390 2467 552 2538 formosum,
568 2465 654 2518 solum
671 2462 792 2531 liberum,
810 2465 1002 2519 columcivsm:
1021 2468 1168 2520 stultorum
1184 2469 1272 2520 omma
1287 2486 1352 2521 oon-

304 2554 401 2618 trarin,
418 2572 484 2625 quos
502 2554 585 2605 stiam
604 2553 714 2604 insanos
730 2551 891 2607 ossevultia.
923 2553 957 2608 Et
976 2554 1065 2624 paullo
1083 2567 1157 2627 ports
1175 2556 1270 2608 Omnia
1287 2574 1351 2625 peo-

301 2651 366 2692 oota
382 2642 462 2710 potia
480 2657 538 2693 esre
556 2639 646 2691 dicitis
664 2649 714 2692 etc.
750 2640 806 2689 Hic
824 2639 950 2710 arnbiguo
966 2642 1093 2697 ludimur.
1138 2644 1240 2697 Locum
1261 2645 1349 2713 ipsum

300 2728 405 2780 videant
422 2726 557 2780 studiosi.“
577 2725 609 2779 ll.
627 2726 730 2778 Wolf.
767 2725 871 2790 „llabet
888 2726 940 2782 boc
959 2729 1116 2783 Paradoxon
1136 2730 1195 2801 plus
1217 2729 1349 2783 subtilita-

301 2817 346 2882 tis,
366 2833 448 2886 quam
466 2812 589 2880 veritatis,
607 2813 723 2886 ideoque
740 2834 755 2866 a
774 2815 959 2886 compluribus
976 2816 1166 2888 reprehensum
1180 2829 1232 2871 ests
1253 2818 1279 2869 in
1292 2818 1349 2886 pri·
1424 2868 1431 2880 ,

300 2903 349 2955 mis
367 2920 428 2955 vcro
446 2901 479 2956 ab
498 2901 608 2955 llorstio
625 2900 679 2956 Sat.
696 2899 717 2967 l,
736 2904 764 2968 3,
783 2905 832 2956 9⁵:

370 2991 452 3061 Quoia
467 2990 549 3058 paria
566 3007 623 3042 cass
635 2990 699 3060 fare
715 2989 823 3059 placuit
838 3001 965 3059 peccato,
983 2990 1122 3055 taboram,

371 3082 435 3130 Cum
454 3085 562 3129 mutum
580 3076 618 3127 ad
635 3094 726 3129 verum
743 3088 801 3129 est:
820 3095 915 3131 sensus
929 3096 1064 3149 moresque
1081 3094 1251 3150 repugnant,

369 3166 464 3234 Atque
481 3164 541 3231 ipsc
560 3162 686 3229 utilitas,
703 3164 773 3215 iusti
788 3182 870 3233 propr
889 3176 975 3216 mater
991 3176 1019 3218 et
1037 3153 1130 3239 coqui.⁵

298 3248 378 3304 Conl.
396 3249 461 3303 itam
478 3247 534 3304 cto
558 3249 591 3304 (la
617 3249 753 3316 Fiuntlt,
772 3254 815 3305 14.
839 3250 890 3305 boc
918 3253 1071 3322 paradoxon
1099 3274 1128 3307 ex
1155 3254 1265 3310 Catonis
1284 3276 1346 3328 per·

297 3355 362 3389 sona
387 3335 548 3391 affirmans.“
574 3337 819 3408 Wyttenbacb.
866 3339 970 3394 Laudat
995 3340 1171 3396 Gernhardus
1196 3343 1296 3397 librum
1314 3344 1346 3398 C·

298 3421 419 3476 Garrii
436 3423 532 3494 (seculi
557 3425 702 3495 superioris
728 3425 893 3497 philosophi,
927 3447 1006 3499 quem
1025 3429 1182 3485 eclecticum
1210 3431 1269 3498 alii,
1300 3433 1345 3486 alii

298 3510 456 3581 popularem
475 3510 596 3579 dicunt,)
624 3511 671 3584 qui
698 3513 867 3567 inscribitur:
895 3516 1114 3587 Pbiloooplxiscbe
1138 3519 1345 3591 Annurkungao

295 3619 322 3653 u.
347 3598 566 3670 Abbandlungon
591 3618 627 3652 zu
655 3601 765 3654 Cicero's
789 3604 914 3657 Br'ichem
940 3623 992 3656 von
1017 3607 1068 3658 den
1096 3606 1245 3675 Pflicbten,
1271 3606 1303 3659 T.
1322 3607 1343 3660 l.

295 3704 322 3755 p.
333 3687 460 3740 tt-ttt,
480 3685 577 3752 (ΕΜ.
596 3687 703 3742 Vratisl.
716 3691 795 3743 1191.
812 3692 852 3758 8.)
871 3690 1010 3762 additques
1029 3691 1162 3757 ,‚Garnius
1179 3693 1342 3765 illudtprae·

297 3781 422 3841 ceptum,
440 3773 513 3844 quod
531 3772 671 3829 bominum
689 3777 758 3830 iacta
779 3797 834 3831 non
854 3789 964 3846 eventu,
988 3780 1033 3834 aad
1054 3780 1187 3834 voluntate
1203 3781 1258 3834 vult
1273 3782 1344 3835 iudi·

295 3862 364 3920 cari,
383 3860 553 3930 probandum
571 3874 719 3935 aptumque
737 3884 792 3919 esse
810 3866 888 3921 docet
906 3867 939 3920 ad
959 3886 1066 3921 morum
1085 3868 1253 3939 disciplinam
1272 3869 1342 3923 etad

292 3945 434 4001 bominum
454 3948 626 4021 dignitatem,
643 3952 762 4024 ipsorum
781 3955 897 4009 consiliis
914 3956 1018 4026 potius,
1042 3975 1124 4027 quam
1143 3957 1343 4010 conditionibus

293 4034 461 4089 metiendam.
497 4037 571 4090 ldem
589 4040 705 4094 alienum
724 4043 756 4094 V.
768 4042 802 4094 D.
822 4043 909 4113 arguit
929 4061 984 4095 esse
1004 4063 1019 4096 a
1038 4043 1211 4114 legislatione,
1230 4055 1343 4115 propter

294 4121 403 4176 nimiam
422 4123 558 4194 quandam
576 4126 763 4191 subtilitatem,
783 4147 797 4181 a
816 4131 883 4183 vitae
901 4131 1053 4183 communis
1071 4149 1135 4200 usu,
1163 4151 1225 4186 cum
1242 4130 1343 4203 gradus

293 4210 344 4263 sint
362 4222 388 4264 ct
406 4209 557 4263 officiorum
577 4223 602 4265 et
620 4216 798 4287 contentionis
816 4217 843 4268 in
862 4216 956 4270 virtute
975 4219 1134 4277 exercenda¹
1154 4231 1179 4272 et
1199 4219 1341 4290 perfectio-
