3059 4925
287 470 294 492 .·
360 456 598 542 Puonnnuunus
626 484 667 540 AD
694 493 863 542 urenuouts
890 494 1075 546 PARADDXA.
1133 496 1236 544 XXXIX

182 674 236 706 non
256 663 319 705 suut
341 650 459 717 additae,
488 650 514 703 id
533 653 641 722 quidem
662 650 808 717 concedet,
827 653 874 723 qui
892 652 1067 723 reputaverit,
1090 652 1238 724 descriptoq

183 746 236 778 esse
255 723 394 778 Ciceronis
412 721 494 776 libros
517 724 553 775 ab
581 723 748 785 bominibus,
777 721 823 792 qui
850 725 907 776 lere
931 742 1025 776 omnes
1052 722 1154 776 Graeca
1182 743 1237 778 non

183 795 378 865 intelligerent,
398 793 519 863 adeoque
541 793 692 847 aelirum
710 792 819 864 quidem
840 806 956 861 nossent,
974 813 1122 865 earumque
1140 794 1239 864 liguras

184 888 198 922 a
217 867 316 919 Latinis
335 864 486 935 saepissime
503 864 665 935 distinguere
685 884 740 917 non
760 864 920 920 didicissent.
964 863 1047 918 Cuius
1070 865 1238 934 ignorantiae

185 938 292 1007 vestigia
311 947 378 1007 quot
395 946 544 1005 appareant
563 955 585 989 r.
605 955 628 989 c.
647 937 674 990 in
693 934 819 1005 Epistolis
835 936 869 989 ad
889 934 1025 1003 Atticum,
1050 935 1102 990 diei
1122 936 1159 988 ris
1178 947 1239 1006 pot÷

186 1020 238 1061 est:
257 1026 360 1078 neque,
385 1006 434 1077 qui
461 1003 600 1059 Ciceronis
624 1006 730 1060 codices
755 1025 837 1059 manu
863 1007 949 1073 trivit,
975 1023 1074 1076 negare
1097 1007 1238 1078 quisquam

187 1078 292 1150 poterit.
328 1076 381 1129 Sed
405 1076 470 1129 alias
488 1096 598 1149 quoque
622 1078 708 1131 attulit
733 1076 850 1130 rationes
874 1077 1118 1147 Morgensternius,
1142 1080 1240 1149 quibus

187 1150 265 1201 nobis
281 1148 439 1219 peruadere
457 1147 555 1213 voluit,
579 1148 665 1204 nullas
694 1147 774 1219 piane
798 1149 878 1202 fuisse
895 1168 909 1201 a
929 1148 1068 1208 Ciceronis
1092 1168 1173 1202 manu
1191 1150 1240 1202 ad·

186 1222 254 1273 ditas
270 1219 469 1290 inscriptiones,
488 1238 577 1290 neque
597 1219 728 1284 Graecas,
747 1238 836 1290 neque
853 1219 973 1282 Latinas;
999 1220 1096 1291 quibus
1114 1239 1165 1291 ego
1185 1239 1240 1280 non

189 1309 313 1357 moveor,
336 1301 366 1343 ut
384 1308 447 1342 cnm
465 1308 498 1341 eo
516 1290 630 1356 faciam,
657 1290 801 1363 omniaque
820 1310 862 1345 sex
879 1290 1016 1346 Paradoxa
1038 1292 1168 1344 continuo
1186 1311 1241 1344 esse

187 1362 294 1433 scripta,
314 1360 444 1413 continno
462 1359 574 1430 legenda
594 1362 738 1420 existiman.
775 1361 843 1416 Nam
864 1361 1067 1434 primumquod
1087 1362 1132 1427 ait,
1150 1361 1170 1414 si
1189 1362 1241 1416 boc

188 1453 291 1498 sumas,
322 1432 408 1484 verius
426 1431 527 1484 dictum
544 1432 579 1486 iri
598 1432 767 1503 Degustulis
785 1451 871 1503 genua
891 1434 941 1484 lroc
958 1462 993 1472 -
1012 1434 1050 1483 od
1066 1443 1188 1485 nostrum
1205 1462 1240 1472 -

189 1504 327 1574 transfero
345 1502 449 1553 dicendi
467 1515 570 1573 genus,
589 1503 616 1555 id
635 1504 778 1574 probatum
796 1504 841 1557 ivit
858 1515 980 1558 contorta
994 1503 1109 1576 quadam
1128 1503 1240 1569 ratione,

190 1594 259 1645 quae
277 1574 416 1627 obscurior
433 1572 512 1626 etiam
531 1572 560 1625 su
577 1573 621 1637 iis,
651 1593 720 1644 quae
743 1575 812 1628 iusto
837 1574 959 1644 longiore
977 1580 1130 1645 repudiare
1154 1575 1240 1629 addit:

190 1665 242 1698 uec
260 1645 344 1696 serius
361 1645 430 1697 dicta
446 1656 586 1715 apparent,
606 1656 753 1714 quaesunt
772 1646 799 1698 in
820 1647 905 1699 serbis
921 1646 1087 1717 Degustnbr's
1099 1646 1158 1700 rel:
1177 1666 1240 1699 nam

192 1717 292 1770 etiamsi
311 1714 426 1768 Graecas
443 1715 599 1786 interponas
616 1716 773 1780 sententias,
799 1735 855 1768 non
874 1716 1014 1769 minusad
1033 1717 1181 1772 oratorium
1199 1718 1241 1774 di·⁴

193 1787 269 1841 cendi
288 1805 372 1857 genus
390 1785 513 1842 translata
533 1786 706 1851 ridebuntur,
726 1805 807 1858 quam
827 1786 847 1838 si
865 1805 921 1839 uno
939 1785 1011 1857 legas
1029 1798 1130 1840 tenore.
1172 1787 1241 1841 lllud

192 1878 254 1911 sero
272 1859 351 1927 plane
370 1858 473 1910 ridetur
491 1857 661 1927 negandum,
679 1876 735 1910 non
755 1857 840 1929 magis
857 1856 999 1910 desiderari
1026 1863 1111 1915 θέσεις
1129 1858 1202 1923 istas,
1220 1858 1241 1914 si

192 1930 363 1992 omittantur,
384 1947 471 1998 neque
488 1928 521 1979 iis
538 1928 752 1999 interrumpatur
769 1947 851 1981 nexus
869 1929 1022 1991 continuus,
1041 1947 1122 1999 quam
1141 1929 1169 1981 in
1185 1948 1240 1982 ser-

192 2018 271 2053 mone
290 1999 446 2071 Damasippi
463 1997 535 2069 apud
553 1998 708 2065 Horatium,
734 2000 781 2053 ubi
798 2000 861 2053 item
890 2000 975 2053 oratio
994 2001 1027 2052 ab
1051 1999 1104 2052 alio
1122 1999 1242 2070 disputa·

192 2072 271 2124 tionis
288 2070 373 2140 capite
391 2070 423 2122 ad
443 2067 555 2122 alterum
573 2081 770 2138 transcurrens,
796 2072 860 2124 item
885 2072 947 2124 satis
964 2090 1042 2141 saepe
1067 2073 1100 2123 sit
1117 2071 1240 2142 abrupta.

194 2145 248 2194 lam
267 2140 325 2194 vide
344 2140 410 2193 mibi
428 2140 622 2211 Damasippum
642 2140 759 2208 Horatii,
784 2141 860 2196 cuius
877 2141 931 2196 huc
950 2153 1040 2194 utrum
1059 2153 1131 2195 recte
1151 2141 1240 2195 traba-

194 2226 236 2267 tur
254 2213 434 2283 comparatio‚
464 2211 608 2264 admodum
637 2212 740 2266 dubito.
789 2212 836 2265 Est
854 2213 890 2265 ibi
914 2212 1080 2295 colloquium
1097 2212 1242 2285 Damasip-

194 2303 257 2355 pum
277 2284 347 2335 iuter
366 2293 392 2335 et
408 2281 561 2334 Horatium:
581 2280 609 2335 in
629 2282 660 2335 iis
677 2295 783 2347 autem,
808 2302 876 2354 quae
895 2282 1060 2355 Damasippo
1079 2284 1241 2348 tribuuntur,

195 2357 257 2408 item
273 2364 337 2406 sunt
355 2352 486 2417 diverbia,
506 2354 538 2404 ab
559 2353 617 2424 ipso
636 2366 750 2407 narrata.
787 2353 905 2408 Dillicile
917 2365 955 2407 est
972 2354 1128 2425 legentibus,
1145 2353 1241 2428 lateor,

198 2445 252 2479 non
277 2424 437 2497 permiscere
461 2422 656 2496 colloquentes:
681 2425 742 2490 sed,
767 2425 787 2478 si
816 2426 950 2491 attendas,
973 2424 1157 2496 deprehendes
1180 2426 1242 2481 satis

196 2498 347 2569 perspicua,
366 2515 435 2567 quac
453 2498 566 2549 obscura
586 2495 624 2547 rel
644 2497 754 2549 confusa
785 2496 905 2550 ridentur
924 2497 1040 2566 primum
1059 2495 1165 2567 legenti.
1211 2498 1240 2550 ln

195 2568 336 2621 l’aradosis
355 2586 409 2619 non
435 2578 473 2619 est
498 2566 677 2638 colloquium,
705 2567 750 2619 sed
774 2567 875 2639 aliquot
900 2567 965 2620 locis
990 2563 1156 2637 ἀποστροφή,
1187 2587 1239 2637 qua

195 2659 257 2692 usus
275 2638 390 2710 scriptor
408 2637 548 2709 aliquoties
564 2638 643 2691 etiam
661 2639 865 2709 respondentem
884 2638 946 2691 facit
965 2658 1040 2703 euni,
1069 2657 1148 2709 quem
1174 2637 1242 2691 allo·

196 2722 272 2763 cutus
291 2721 344 2773 est,
361 2727 412 2762 nec
431 2728 492 2760 rero
511 2708 560 2773 ita,
581 2720 609 2762 ut
627 2727 675 2779 per
693 2721 775 2763 totam
794 2709 998 2782 disputationem
1017 2709 1097 2777 (sicut
1114 2719 1152 2761 est
1169 2710 1241 2780 apud

196 2780 348 2848 Horatium)
367 2779 440 2851 quasi
461 2779 565 2831 fabulae
583 2779 687 2832 senicae
705 2801 835 2851 personae
852 2801 907 2834 sese
926 2781 1063 2851 excipiant.
1100 2779 1162 2848 Qua
1181 2793 1241 2834 tau·

197 2854 258 2904 dem
277 2852 380 2905 ratione
400 2852 451 2920 legi
478 2862 547 2903 totus
564 2849 668 2903 libellus
687 2853 766 2920 possit
785 2864 814 2904 ut
831 2872 884 2905 una
904 2853 977 2922 quasi
997 2851 1153 2903 declamatio
1174 2870 1241 2905 con-

197 2925 283 2976 tinuae
312 2942 394 2994 quum
416 2918 542 2987 lacunae,
562 2941 630 2993 quae
649 2921 718 2974 iuter
734 2923 881 2976 secundnm
902 2922 1065 2992 potissimum
1083 2934 1108 2974 et
1126 2923 1241 2988 tertium,

196 2994 265 3047 inter
283 2994 389 3046 tertium
408 3004 433 3045 et
450 3003 590 3064 quartum,
615 2993 685 3045 inter
700 2994 827 3066 quintum
847 3006 872 3047 et
895 3005 994 3046 sextum
1013 3003 1141 3064 apparent
1159 2994 1241 3045 Para·

197 3065 299 3129 doxon,
318 3083 373 3117 non
392 3064 529 3135 explentur
546 3063 635 3136 aliqua
654 3066 804 3135 argumenti
822 3064 1022 3136 significatione,
1041 3084 1108 3135 quae
1126 3065 1241 3118 subitum

199 3135 307 3205 explicet
331 3148 357 3189 et
385 3135 464 3206 plano
493 3136 699 3207 inexspectatum
726 3139 863 3189 transitum
888 3138 920 3189 ad
949 3135 1019 3188 aliud
1043 3146 1241 3207 argumentum,

198 3207 270 3279 quod
291 3206 427 3276 quomodo
444 3205 583 3259 cohaereat
602 3225 664 3258 cum
683 3208 899 3261 antecedentibus
918 3227 933 3259 a
953 3206 1029 3259 nobis
1053 3207 1160 3277 quidem
1185 3225 1242 3258 ma·

198 3280 237 3348 gis
256 3278 409 3348 perspicue,
428 3297 508 3348 quam
529 3296 543 3329 a
562 3276 778 3347 Morgensternio
796 3277 958 3330 declaratum
977 3288 1029 3345 est,
1056 3296 1085 3328 ex
1104 3275 1243 3331 Ciceronis

197 3359 286 3401 autem
306 3351 417 3419 abrupta
437 3360 463 3400 et
489 3349 664 3401 commotiore
691 3349 811 3400 oratione
839 3367 895 3399 non
922 3358 975 3399 tam
1002 3345 1080 3398 lacile
1104 3347 1243 3417 percipias.

198 3418 301 3486 Quodsi
320 3436 525 3489 vero-magnam
545 3418 747 3490 inscriptionum
766 3418 931 3472 Graecarum
950 3417 1099 3470 varietatem
1118 3418 1244 3474 iuCodd.

201 3490 280 3544 MSS.
300 3502 329 3543 ut
346 3488 439 3542 iustam
458 3490 614 3561 suspicionis
631 3509 750 3556 causam,
776 3489 881 3563 qualem
900 3491 927 3542 in
948 3488 1048 3544 Latinis
1066 3491 1244 3543 concessimus
1283 3556 1286 3561 ⁶

199 3581 266 3625 esse,
286 3580 318 3614 eo
337 3558 423 3612 valere
442 3561 517 3628 velis,
536 3573 564 3614 ut
586 3561 775 3626 existimemus,
802 3561 918 3615 Graecas
938 3580 1061 3632 quoque,
1079 3571 1109 3615 ut
1126 3561 1241 3626 batinas,

199 3632 301 3702 spurias
319 3634 390 3696 esse,
414 3633 469 3684 eius
488 3651 538 3702 ego
559 3632 688 3686 varietatis
707 3633 786 3685 aliam
806 3632 899 3703 plane,
928 3652 1008 3704 quam
1028 3632 1157 3686 varietatis
1173 3633 1245 3686 Lati·

199 3722 305 3769 uarum,
324 3722 429 3755 causam
449 3722 502 3755 esse
520 3702 638 3755 dixerim.
682 3703 836 3757 Latinarum
863 3705 988 3757 nimirum
1013 3703 1142 3756 varietatis
1167 3724 1244 3756 causa

199 3785 237 3826 est
252 3792 345 3825 eorum
363 3773 501 3827 bominum
521 3774 658 3839 sedulitas,
677 3776 721 3846 qui
741 3775 859 3838 Graeca,
878 3794 993 3847 quorum
1012 3775 1148 3826 conversio
1167 3775 1245 3828 Cice-

200 3846 258 3896 roni
277 3864 448 3916 nequaquam
469 3845 549 3911 rideri
569 3857 672 3916 poterat
691 3847 850 3914 necessaria,
879 3847 907 3898 in
934 3864 1027 3898 corum
1051 3864 1125 3897 usum
1152 3846 1244 3899 Latine

200 3915 318 3968 addenda
338 3915 528 3983 existimarent,
577 3936 672 3969 uorum
697 3917 817 3970 doctrina
837 3938 891 3970 non
918 3916 985 3968 ultra
1006 3916 1114 3968 Latinae
1139 3916 1246 3987 linguae

199 3987 333 4039 scientiam
353 3986 519 4039 ascendisset.
591 3988 642 4039 uod
663 4007 746 4058 quum
767 3987 856 4058 plures
880 4006 929 4058 pro
954 3986 993 4039 sui
1016 3987 1115 4057 ingenii
1135 3988 1245 4041 modulo

198 4057 333 4122 fecissent,
362 4058 463 4109 lactum
488 4068 538 4121 est,
571 4071 599 4109 ut
624 4058 743 4111 existeret
771 4058 813 4111 illa
840 4060 964 4124 varietas,
992 4077 1071 4130 quam
1097 4058 1164 4110 adeo
1188 4078 1243 4110 non

197 4129 326 4181 maiorem
346 4148 401 4180 esse
420 4130 514 4182 merito
534 4127 645 4182 mireris.
680 4129 710 4182 ln
730 4128 840 4182 Graecis
858 4131 907 4183 alia
927 4148 969 4181 res
987 4139 1032 4182 est.
1077 4128 1137 4181 Non
1166 4128 1243 4199 equi·

196 4201 257 4252 dem
276 4199 428 4264 contendo,
448 4219 541 4253 omnes
559 4199 652 4271 plane,
677 4211 707 4253 ut
724 4220 775 4272 ego
794 4221 855 4255 cum
875 4201 931 4254 aliis
949 4199 1033 4264 edidi,
1059 4198 1244 4267 inscriptiones

196 4271 300 4325 easdem
320 4269 400 4343 plain
419 4289 489 4337 esse,
509 4291 575 4341 quas
591 4270 689 4326 Cicero
705 4274 891 4344 praeposuerit
914 4290 962 4325 suo
980 4269 1178 4323 Paradoxorum
1198 4289 1243 4322 es-
