3059 4925
543 492 584 538 to
612 490 808 537 etmoaxon
835 490 879 552 tv,
897 486 921 536 t.
1183 464 1256 541 343

209 648 313 703 Docebo
331 650 430 721 cepieee
447 650 592 714 maximoe,
609 671 749 725 omoeoque
766 669 813 705 eae
830 651 998 724 iniquitates,
1018 646 1158 720 ‹teqottm
1174 659 1258 701 anteo
1329 724 1333 731 Ἴ

208 736 280 803 (δαὶ,
292 738 343 791 ‚eoi
361 748 491 807 qaoeetae
506 753 590 791 caasa
608 740 780 793 constituitote
800 741 953 799 vincom5
986 736 1020 790 ad
1036 736 1154 790 Reman.
1166 736 1211 803 tV,
1227 741 1258 792 i:

207 822 240 874 aa·
267 825 444 888 concederem,
481 825 572 876 atiena
595 836 715 895 oportere
746 843 883 880 warnere
908 823 1045 894 cecropio,
1079 826 1259 890 vincerem,

209 910 291 963 unice
308 921 436 979 oportere.
472 911 546 983 Ego,
566 924 598 996 pt
616 914 700 969 fatear
717 913 791 987 quod
816 924 870 979 eat,
895 913 930 966 ita
947 931 1022 965 cervo
1040 911 1183 965 lectionem
1202 910 1261 964 vul·

210 1009 314 1070 gatam,
339 1010 369 1054 ut
393 1019 449 1053 non
468 1000 576 1072 quidem
602 1001 727 1056 haeream
746 1002 775 1055 in
798 1001 893 1058 rebat,
919 999 993 1071 quod
1018 1016 1081 1052 cata
1099 996 1260 1051 Gecnhucdo

210 1096 283 1138 reete
301 1086 425 1157 explicati
443 1087 562 1141 ezietimo
580 1079 729 1142 rationibus
746 1089 774 1142 iu
794 1087 870 1142 factio
888 1088 993 1159 positia:
1021 1105 1109 1158 neque
1127 1085 1162 1140 de
1179 1087 1260 1140 rerba

210 1173 333 1225 vincendi
350 1173 457 1239 dubita,
476 1175 549 1246 quod
567 1194 616 1247 pro
635 1175 748 1243 docere,
775 1175 905 1246 probare,
930 1174 1089 1228 convincere
1106 1174 1158 1228 dici
1185 1193 1261 1245 posce
1347 1157 1369 1172 ¹*

210 1270 329 1330 apparet.
365 1260 458 1313 Unum
477 1280 521 1314 me
538 1263 627 1316 tucbat
644 1274 670 1317 et
688 1263 800 1335 impedit
819 1262 885 1317 ittud
903 1261 1074 1325 neoeeeariie,
1091 1261 1164 1333 quod
1183 1260 1262 1316 Cice·

211 1347 358 1400 coniectae
374 1348 439 1402 mihi
456 1368 535 1402 nemo
555 1367 674 1421 unquam
695 1349 874 1422 persuadebit.
910 1348 985 1417 Quid
1003 1349 1094 1402 enim?
1122 1349 1191 1418 Quia
1208 1368 1262 1402 un-

211 1452 293 1506 quam
313 1453 355 1486 m
372 1438 537 1494 nececeoriae
555 1437 647 1491 credat
664 1456 726 1492 eum
751 1439 839 1491 virum
857 1436 950 1489 dixisse
975 1456 1026 1509 pro
1048 1436 1139 1502 sactis,
1164 1436 1262 1507 quibus

211 1521 247 1575 ita
267 1523 397 1591 piabatur
414 1521 530 1594 aliquid,
549 1535 579 1577 ut
598 1523 719 1578 confiteri
737 1536 850 1596 cogatur
868 1523 1031 1577 adversarius
1046 1543 1074 1577 sc
1092 1523 1188 1579 vietum
1207 1542 1262 1576 eece

211 1608 338 1661 veritatis
355 1608 473 1668 viribus,
493 1622 521 1664 ut
539 1612 602 1666 dixit
619 1612 756 1667 Phaedrus
773 1611 794 1679 l,
814 1616 840 1673 t,
856 1614 881 1665 9.
912 1609 1005 1677 Med)

635 1741 844 1755 *—

590 1878 802 1968 anacteos
825 1880 889 1939 vn.

440 2015 515 2091 an
540 2014 881 2094 nananoxon
908 2019 979 2112 tv,
1004 2015 1048 2091 t:

219 2228 256 2239 -
281 2214 397 2279 quam,
411 2191 512 2270 ferro
527 2191 647 2278 puleio
668 2189 953 2278 recogi-atrocibus,
974 2201 1118 2255 conatae
1141 2215 1263 2257 nomen

500 2290 537 2355 in
560 2314 597 2356 re
617 2290 761 2378 publica
783 2314 866 2356 non
888 2303 978 2360 erac

285 2433 383 2501 „Hunc
397 2434 487 2490 locum
507 2419 656 2489 foedissima
675 2433 734 2488 labe
753 2434 924 2508 deturpatum
944 2455 998 2490 esse
1018 2453 1122 2488 mecum
1141 2433 1265 2488 fatebun-

216 2534 274 2591 tur,
293 2523 339 2595 qui
358 2524 507 2578 accuratius
525 2543 587 2576 eum
607 2524 796 2578 examinabunt
813 2535 839 2578 et
857 2544 912 2577 non
932 2522 1046 2595 hospites
1065 2534 1126 2575 sunt
1150 2522 1178 2574 in
1197 2522 1266 2575 anti-

218 2630 334 2682 quorum
353 2610 462 2680 litteris,
482 2623 511 2666 ut
529 2613 562 2665 de
582 2611 621 2665 hie
639 2612 740 2684 possint
757 2612 828 2665 ferre
847 2613 1013 2665 sententiam.
1062 2611 1163 2662 Nomen
1186 2630 1265 2662 eeno-

218 2709 264 2750 taa
283 2718 331 2769 pro
349 2701 505 2753 auctoritate
531 2711 649 2766 senatus,
682 2711 713 2754 ut
739 2700 786 2752 viri
805 2700 876 2754 docti
903 2711 1055 2772 exponunt,
1079 2697 1164 2770 accipi
1191 2696 1266 2752 nutto

218 2785 299 2838 moda
318 2799 411 2858 potest.
457 2787 531 2856 Quin
557 2807 649 2841 nomen
675 2799 788 2841 conatae
805 2799 851 2843 aut
881 2788 1092 2859 magistratuum
1120 2788 1267 2857 opponitur

218 2893 324 2945 semper
340 2874 448 2927 illorum
474 2875 595 2945 potestati
621 2887 646 2929 et
669 2876 828 2928 auctoritati.
865 2874 919 2926 Liv.
941 2874 986 2927 tib.
1004 2873 1047 2926 ill.
1077 2892 1099 2927 c.
1119 2877 1168 2926 65:
1197 2875 1268 2924 Dein

219 2979 252 3012 ne
269 2960 323 3030 ipoi
340 2961 445 3033 quidem
464 2961 592 3031 (tribuni)
608 2962 735 3013 inviolati
751 2972 845 3018 erant,
865 2961 960 3032 atique
975 2959 1117 3030 postremis
1136 2957 1268 3012 mensibus

221 3067 280 3100 cam
298 3054 325 3099 et
341 3068 389 3119 per
408 3048 534 3100 coitiones
550 3051 731 3118 potentiorum
753 3049 856 3101 iniuria
876 3048 974 3117 fieret,
1004 3057 1031 3097 et
1058 3046 1097 3097 vic
1121 3043 1269 3117 potestatis

297 3228 328 3302 '‘)
346 3234 385 3287 Ne
412 3234 476 3307 quid
506 3235 567 3290 huic
592 3236 762 3309 disputationi
791 3236 879 3289 deesse
909 3231 1043 3298 videatur,
1078 3231 1147 3285 addo
1177 3231 1269 3282 Oherti

219 3305 326 3377 Gifonii
351 3306 385 3358 de
416 3319 508 3361 nostro
534 3307 596 3361 loco
627 3309 800 3373 sententiam,
840 3306 874 3359 de
908 3324 959 3376 qua
990 3302 1109 3374 loquitur
1140 3301 1269 3355 Graevius

218 3378 246 3429 in
263 3395 309 3430 cua
336 3376 370 3429 ad
397 3376 422 3431 h.
442 3378 461 3432 l.
486 3380 648 3433 anotatione.
700 3378 871 3452 Deprehendi
897 3394 955 3430 earn
984 3375 1011 3427 in
1035 3372 1222 3457 Coniectaneis
1240 3373 1268 3425 in

218 3448 391 3515 Lucretiam,
425 3450 458 3503 ad
491 3450 591 3505 calcem
622 3451 751 3505 Editiouio
779 3448 896 3504 Lucretii
929 3445 1088 3499 Giianianae
1113 3446 1269 3509 carmimae,

219 3518 317 3590 (Lugd.
348 3519 407 3572 Bat.
432 3523 510 3578 1595.
530 3522 570 3590 8.)
615 3526 694 3578 atto
712 3543 753 3594 aq.
780 3522 825 3574 ubi
850 3531 901 3574 est:
932 3519 1077 3583 „Vincere-
1107 3515 1271 3586 argumentis

220 3591 334 3657 docere,
363 3590 498 3659 obtinere,
535 3542 710 3659 confirmare,
740 3592 868 3646 evincere.
930 3589 976 3641 Sic
1007 3587 1045 3641 Μ.
1075 3586 1180 3639 Tuiliue
1207 3605 1269 3638 cum

220 3661 281 3713 aiibi
300 3681 393 3733 saepe,
421 3672 476 3716 tum
502 3663 529 3715 in
555 3664 692 3717 Paradoxo
711 3663 756 3716 tV.
799 3662 853 3714 Sed
876 3659 989 3731 (inquit)
1015 3660 1158 3710 dementem
1183 3667 1209 3708 et
1228 3659 1271 3709 in·
1327 3685 1330 3692 ,

220 3732 405 3784 canamrebue
423 3744 450 3785 te
469 3734 572 3787 vincam
591 3735 756 3788 necessariis.
804 3731 841 3786 Ita
861 3731 933 3785 enirn
958 3730 1048 3782 locum
1075 3746 1137 3781 eum
1161 3728 1270 3800 quidam

220 3801 326 3874 legunt,
346 3815 439 3858 contra
458 3825 551 3859 omncs
578 3816 676 3858 veteres
701 3804 791 3858 libros.
831 3803 887 3856 Nos
910 3802 946 3853 ita
966 3820 995 3853 ex
1014 3800 1093 3853 veteri
1111 3800 1193 3853 libro:
1219 3800 1274 3851 oet

220 3873 363 3929 dementem
392 3885 419 3926 et
446 3878 570 3928 insanam
602 3875 654 3945 (vei
684 3886 710 3927 te
739 3874 872 3939 insanire)
898 3871 978 3925 reboo
1010 3871 1152 3924 odoincam
1184 3888 1272 3924 necea-

220 3946 314 4010 aariie,
362 3956 468 4000 venuste
499 3963 562 4017 pcc:
605 3946 752 4000 rationibus
785 3942 980 3998 efficacissimis.
1044 3940 1086 3994 De
1120 3941 1273 3995 Adoincere

221 4015 278 4067 vide
304 4035 384 4089 supra
412 4017 450 4089 [p.
479 4018 553 4084 Μ]
583 4018 724 4088 adopinari
748 4017 840 4086 (Luco.
860 4014 905 4081 Ν,
934 4012 1008 4080 814.)
1042 4013 1100 4080 [ubi
1135 4011 1273 4065 confertur

220 4087 330 4138 verbum
349 4088 506 4156 accredereJ.
543 4087 634 4142 Posset
653 4100 741 4142 tamen
760 4086 869 4141 retineri
891 4084 1031 4156 vulgatum·
1044 4084 1184 4146 addicam,
1210 4099 1272 4133 nana

221 4156 248 4208 iu
274 4157 397 4281 ⁸poppam
428 4171 514 4213 vetere
550 4159 601 4212 vidi
630 4159 783 4223 addictam,
818 4158 839 4211 ei
870 4155 952 4210 mado
979 4157 1014 4210 ita
1043 4154 1120 4209 etiam
1156 4151 1274 4222 accipia-

222 4239 272 4280 tur.
364 4250 385 4283 r.
