3059 4925
520 475 562 521 rn
585 474 782 522 ranrnnxon
802 475 847 537 vr,
874 469 899 517 2.
1163 444 1244 526 363

189 634 361 687 annotatione
388 634 422 687 ad
446 653 469 685 v.
494 633 659 688 recordetur.
708 632 778 686 Cum
807 651 869 686 nero
892 632 1050 705 Borgersius
1076 632 1237 688 simillimam

190 718 328 790 enallagen
347 739 377 773 er
394 719 445 775 Or.
462 720 529 774 Phil.
547 720 579 786 ll,
598 723 641 774 tt.
668 720 815 775 laudaverit
843 739 956 792 eamque
984 721 1119 773 defensam
1149 742 1204 776 esse
1222 744 1237 775 a

189 806 337 862 Garatonio
354 809 388 862 ad
407 827 468 861 eum
487 806 577 861 locum
597 807 704 874 dixerit,
735 806 789 861 lue
807 808 1019 861 transierendnm
1044 807 1120 860 illum
1148 808 1237 862 laeam

189 911 250 947 curn
268 895 442 949 annotatione
460 895 597 960 duximus,
620 905 665 960 ut,
691 914 760 965 quae
779 894 965 961 trenciani,
993 894 1104 950 collecta
1125 896 1239 951 habeant

188 981 306 1035 lectores.
342 983 429 1037 locus
446 995 497 1037 est:
519 985 604 1037 Veline
623 984 687 1045 milri
706 984 740 1034 di
747 1003 824 1050 aas,
840 1013 876 1024 -
893 989 927 1039 L.
951 983 1090 1036 Turselius
1108 1003 1164 1055 qua
1183 986 1237 1055 fa-

187 1070 226 1120 oie
238 1070 346 1141 fuerit,
367 1101 408 1123 -.
452 1071 531 1123 Nihil
547 1072 618 1137 scio,
637 1071 793 1142 inquies,
817 1072 871 1123 nisi
887 1089 956 1142 quae
971 1070 1085 1140 praedia
1103 1069 1237 1126 hebuerit.

188 1158 280 1226 Igitur
292 1158 413 1227 fratrem
429 1158 611 1225 exheredans,
629 1168 664 1209 te
675 1157 802 1229 faciebat
820 1158 949 1211 heredem.
986 1162 1021 1209 In
1038 1155 1141 1209 multas
1155 1175 1237 1227 prae·

187 1253 260 1297 terea
276 1246 405 1312 pecunias
424 1246 646 1298 alienissimorum
666 1246 810 1309 hominum,
827 1246 920 1297 eiectis
933 1245 1004 1297 reris
1021 1242 1163 1296 heredibus
1173 1253 1237 1295 tare·

187 1348 268 1399 quam
287 1333 363 1384 heres
380 1343 490 1397 esset,
508 1319 661 1387 inuasit.>
697 1335 866 1404 Quamquam
885 1334 934 1385 ltoo
952 1332 1066 1384 maxime
1084 1332 1236 1385 admiratur

186 1438 261 1481 sum,
279 1415 434 1471 mentionem
452 1430 487 1472 te
505 1421 687 1474 hereditatum
705 1439 803 1473 ausum
820 1438 877 1473 esse
884 1420 995 1489 faeere,
1013 1438 1096 1490 quum
1113 1419 1170 1489 ipse
1187 1419 1234 1470 lis·

187 1507 329 1557 rerlitntsm
344 1507 434 1575 patris
452 1527 505 1559 non
523 1510 668 1562 adisses.
718 1507 776 1562 lloc
806 1508 887 1579 igitur
904 1507 965 1562 loco
989 1506 1168 1578 Heusingerns
1185 1506 1236 1576 (lo.

186 1592 295 1661 trien),
314 1596 347 1646 ab
365 1593 525 1648 Hermanno
543 1596 671 1663 monitus,
697 1594 841 1667 legendum
860 1595 975 1648 censuit:
1001 1604 1133 1665 tanquam
1160 1593 1236 1645 lieres

186 1700 292 1747 esses,
311 1683 495 1736 invasisti.
533 1683 574 1736 nd
594 1702 675 1756 quam
695 1681 877 1736 coniecturam
896 1679 1071 1746 Garatonius,
1099 1678 1175 1747 „Sin
1194 1678 1237 1731 in-

188 1768 261 1838 quit,
279 1768 381 1823 solebat
398 1770 587 1823 lleumamnn:
613 1771 658 1824 sed
677 1771 762 1823 miror
782 1770 920 1842 prudentis
937 1768 984 1821 riri
1010 1766 1143 1822 calculum
1162 1765 1237 1819 addi—

188 1864 253 1905 tum.
297 1855 366 1908 Huic
396 1856 503 1910 criticae
528 1858 668 1912 temeritati
695 1858 749 1910 iam
778 1877 828 1910 nos
851 1874 998 1911 -occurrere
1016 1853 1186 1907 meminimus
1203 1853 1235 1905 ad

187 1959 211 1993 c.
230 1944 273 1995 st.
292 1942 319 1994 in
340 1943 478 2011 Pisonem,
503 1945 551 1998 ubi
569 1945 634 1998 vide.
678 1944 806 1999 Similiter
832 1963 912 2015 snpra
937 1961 996 2013 cap.
1016 1935 1046 1997 l:
1070 1941 1137 1993 tibi
1161 1943 1238 1999 idem,

188 2030 260 2099 qnod
277 2030 333 2082 illis
351 2031 464 2095 aeoidit,
493 2033 655 2103 contigisset.
702 2034 751 2086 Ad
767 2033 936 2103 sepulturam
961 2048 1057 2099 eorpus
1074 2028 1165 2081 vitrici
1183 2030 1237 2081 sui

188 2128 295 2188 negat
315 2136 332 2168 a
352 2137 390 2169 me
410 2120 513 2174 datum.
564 2122 624 2170 Hoc
643 2138 705 2172 vero
733 2136 765 2170 ne
782 2123 814 2171 P.
841 2119 946 2190 quidem
965 2117 1073 2170 Gladius
1096 2115 1167 2167 dixit
1184 2133 1237 2167 un·

188 2223 283 2277 quam:
304 2225 392 2277 quens,
417 2205 483 2277 quia
500 2206 560 2258 iure
576 2206 625 2275 fui
641 2207 667 2258 ei
684 2206 822 2259 inimicus.
850 2206 924 2258 doleo
942 2223 960 2257 a
978 2214 1011 2255 te
1037 2204 1092 2254 inm
1116 2201 1236 2254 omnibus

188 2290 263 2342 vitiis
279 2310 335 2346 esse
352 2302 517 2362 superatum.
553 2291 619 2345 ltem
638 2292 708 2345 inira
729 2311 752 2348 c.
771 2295 815 2347 31.
833 2311 896 2364 ergo
913 2304 946 2344 ut
964 2302 992 2343 te
1009 2292 1168 2343 catamitum
1185 2302 1235 2344 etc.

186 2379 424 2447 perturbasti.
473 2383 513 2432 Et
540 2381 610 2433 domi
639 2381 745 2452 quidem
770 2398 881 2433 eausam
908 2380 1006 2432 amoris
1031 2378 1159 2430 habuit
1184 2388 1234 2432 etc.

185 2468 334 2535 productus
352 2459 442 2519 autem
461 2480 511 2523 etc.
528 2488 589 2523 cum
607 2469 800 2539 respondisses,
825 2480 852 2520 te
870 2469 909 2521 rei
934 2480 1001 2520 tuae
1022 2485 1108 2518 causa
1130 2467 1233 2517 venisse

187 2566 238 2608 etc
273 2556 327 2607 Pro
344 2554 380 2623 Q
398 2556 495 2610 Roscio
513 2560 545 2610 lt
574 2558 647 2626 Quid
672 2558 715 2609 ita
734 2554 969 2628 nonprofers?
995 2574 1049 2607 non
1077 2553 1233 2624 conficit

188 2641 319 2696 rabulos?
347 2645 400 2695 imo
415 2644 625 2714 diligentissime.
663 2646 724 2697 Non
751 2644 866 2715 refert
881 2661 970 2713 parva
988 2643 1095 2694 nomino
1114 2644 1143 2692 in
1161 2641 1234 2692 codi-

187 2729 264 2782 cem?-
281 2741 329 2784 etc.
354 2732 482 2802 quomoda
499 2732 567 2785 tibi
585 2743 668 2785 tanta
679 2732 798 2802 pecunia
814 2730 1033 2785 extraordinaria
1050 2728 1144 2782 iacet?
1179 2728 1233 2782 Sed

187 2818 275 2870 omnia
302 2817 453 2871 huiusmodi
479 2821 603 2892 persequi
627 2820 739 2891 longum
765 2821 860 2872 esset.“
913 2817 995 2871 Addit
1019 2815 1234 2870 Wernsdoriius:

186 2904 332 2970 „Ernestns
349 2915 376 2958 et
392 2905 529 2960 Sehlitaius
553 2907 686 2962 immerito
708 2905 861 2960 lleumanni
879 2905 1060 2960 coniecturam
1078 2905 1235 2976 probarunt.

186 2991 236 3045 llic
254 2991 408 3060 otiantem
429 2994 457 3046 in
478 3004 574 3047 testum
594 2997 721 3066 recepit.“
757 2993 819 3047 Non
838 2993 940 3064 recepit
957 2991 1083 3046 Orelliue.

257 3080 338 3147 Quod
359 3092 447 3135 autem
465 3101 538 3135 suam
557 3082 590 3135 ud
609 3082 659 3136 Or.
677 3082 706 3135 in
724 3082 814 3135 Pison.
833 3099 856 3134 c.
874 3084 919 3135 21.
966 3079 1129 3133 Garatonius
1145 3078 1236 3133 laudat
1269 3088 1274 3093 ’

187 3168 401 3232 annotationem,
427 3189 456 3222 ea
482 3170 611 3223 eiusmodi
629 3180 676 3222 est.
721 3168 794 3222 Dicit
818 3166 915 3222 Cicero
932 3165 956 3239 §.
977 3171 1026 3221 te:
1055 3172 1091 3219 Te
1108 3167 1234 3237 (respon—

186 3253 259 3323 disti)
284 3272 411 3307 nonense
429 3256 616 3328 tamfortem,
642 3275 723 3328 quam
747 3258 805 3325 ipse
829 3255 1007 3327 sl’orquatus]
1032 3255 1062 3305 in
1089 3253 1232 3305 consulatu

160 3348 163 3352 ‘
180 3344 299 3414 fuisset,
318 3352 369 3395 aut
386 3359 451 3414 ego:
470 3373 505 3385 -
522 3363 562 3396 me
577 3363 654 3414 porse
671 3345 771 3396 iterum
787 3362 841 3395 rem
856 3342 992 3413 pullicum
1007 3358 1125 3406 seruare,
1140 3341 1165 3391 oi
1177 3357 1234 3391 ree-

185 3430 291 3482 sissem:
310 3458 346 3471 -
364 3430 457 3482 deinde
475 3432 513 3482 ad
528 3443 689 3497 extremum,
707 3451 792 3504 neque
810 3451 857 3496 se,
883 3422 968 3503 neque
986 3446 1125 3502 generum,
1148 3445 1232 3498 neque

186 3517 313 3588 collegam
331 3534 428 3569 suum
447 3518 655 3589 tribunoplebis
674 3519 843 3590 defuturum.
886 3520 942 3573 Hic
959 3527 997 3570 tu
1015 3516 1102 3569 bostis
1118 3533 1152 3565 oc
1168 3532 1233 3583 pro·

184 3605 257 3655 ditor
275 3604 339 3656 aliis
355 3623 395 3655 me
413 3602 598 3664 inimiciorem,
624 3624 704 3679 quam
731 3607 819 3673 tibi,
845 3605 936 3657 debere
959 3622 1016 3657 esee
1041 3600 1153 3655 dicis?
1190 3601 1232 3654 Aa

184 3689 249 3743 haec
268 3688 444 3745 Garatonius:
461 3688 571 3758 „Facile
589 3693 647 3747 heio
665 3705 731 3748 esset
743 3694 831 3748 dicam
844 3691 958 3747 librariis
975 3690 1091 3745 scribere
1101 3700 1129 3743 et
1138 3707 1232 3742 emen·

186 3777 262 3830 dare:
281 3795 364 3849 neque
383 3789 429 3843 te,
447 3798 530 3851 neque
546 3800 687 3852 generum,
705 3801 790 3854 neque
807 3781 935 3851 collegam
953 3789 1064 3844 tuum,
1089 3789 1119 3830 nt
1136 3777 1230 3830 similia

185 3863 249 3916 haec
275 3863 369 3918 fierent
392 3866 588 3937 superioribus,
619 3888 742 3942 unusque
767 3881 846 3923 tenor
869 3867 1028 3920 Pisonianae
1054 3864 1233 3935 responsionis

184 3952 321 4007 exsisteret.
364 3952 417 4006 Sed
437 3955 552 4008 notanda
571 3956 660 4027 potius
677 3968 715 4010 est
732 3975 862 4026 personae
880 3948 1005 4017 mutatio,
1033 3970 1102 4023 qnae
1127 3949 1233 4002 anni-

186 4058 281 4092 norum
300 4041 492 4095 consuetudine
512 4062 566 4095 non
585 4043 719 4104 abhorret.
764 4042 802 4097 Ut
820 4041 878 4096 heic
897 4061 912 4094 a
932 4040 1047 4094 secunda
1068 4037 1099 4090 ad
1119 4036 1231 4098 tertiam,

183 4127 220 4179 sic
238 4146 252 4179 a
272 4128 347 4181 tertia
366 4129 399 4181 ad
417 4131 561 4184 secundam
581 4133 667 4187 oratio
685 4133 849 4188 convertitur
867 4132 977 4202 candi.
990 4137 1115 4190 extremo,
1134 4122 1230 4174 iterum

184 4225 271 4267 autern
291 4235 305 4268 a
324 4219 439 4271 secunda
459 4219 491 4270 ad
512 4220 612 4272 tertiam
633 4221 718 4292 capite
738 4223 782 4275 41.
828 4219 895 4273 Vide
921 4218 1010 4269 locum
1035 4208 1154 4263 Terentii
1180 4207 1234 4259 lle-
