3059 4925
500 489 694 537 nrmnoxon
722 491 765 538 ιι.
797 492 867 539 ιιι.
884 492 933 540 ιιι.
1172 466 1247 542 267
1292 473 1294 475 ’

201 654 234 715 et
259 670 353 717 arens
389 655 548 736 quosdam
581 673 703 736 magno
729 661 920 738 aestimant,
956 659 1044 740 quod
1073 661 1103 722 ei
1136 661 1249 741 generi

200 789 446 865 possessionum
471 790 607 856 minime
633 785 760 882 [quasi]
779 796 894 861 nooeri
918 799 1042 877 potest;
1066 796 1179 874 quanti
1200 800 1249 860 est

199 923 403 990 aestimanda
428 928 548 1003 virtus,
586 946 670 1009 quae
692 946 754 994 nee
780 933 862 1013 eripi
886 949 949 994 neo
982 929 1102 1009 surripi
1128 933 1249 1010 potest:

199 1075 306 1139 neque
332 1062 526 1142 naufragio,
552 1080 614 1127 neo
638 1065 997 1135 incendioemittitur:
1024 1081 1085 1128 neo
1106 1064 1140 1127 vi
1164 1069 1251 1129 tem·

198 1200 377 1275 pestutum,
403 1215 465 1261 neu
490 1202 678 1279 temporum
704 1201 954 1282 perturbatione
976 1195 1138 1262 mutatur!
1175 1197 1250 1276 Qun

198 1328 337 1405 praediti
354 1331 409 1411 qui
426 1336 512 1411 sunt,
535 1333 599 1396 soli
617 1338 694 1411 sunt
707 1334 837 1400 divites.
889 1333 958 1401 Soti
976 1333 1065 1396 enim
1082 1334 1250 1414 possident
1291 1405 1296 1413 ,

112 1436 114 1441 ,
197 1485 249 1533 res
272 1471 305 1532 et
329 1467 514 1533 fructuosus
534 1473 567 1534 et
588 1465 822 1551 sempiternes:
848 1471 976 1553 solique
998 1462 1100 1556 (quod
1109 1474 1157 1534 est
1168 1488 1249 1552 pro·

199 1605 307 1683 prium
327 1602 525 1694 divitiarum)
544 1609 690 1671 contenti
716 1614 791 1672 sunt
809 1611 908 1673 rebus
934 1610 1013 1671 suis.
1065 1608 1150 1672 Setis
1177 1625 1250 1672 esse

198 1740 436 1822 putantquod
463 1746 528 1807 est:
555 1735 637 1807 nihii
660 1748 829 1825 appetunt,
853 1745 945 1808 nulia
969 1761 1006 1807 re
1032 1748 1139 1824 egent,
1165 1745 1247 1807 nihii

199 1877 262 1941 sibi
282 1879 396 1944 deesse
412 1879 564 1958 sentiunt,
588 1880 669 1944 nihii
689 1883 870 1963 requirunt.
922 1883 1067 1963 Improbi
1088 1887 1197 1944 nutem
1217 1886 1250 1945 et

198 2017 308 2090 avari.
330 2016 488 2096 quoniam
514 2017 656 2085 incertas
682 2023 780 2100 atque
802 2021 835 2083 in
862 2037 943 2085 cusu
965 2020 1089 2101 positas
1115 2035 1249 2100 posses-

198 2150 307 2215 siones
334 2151 474 2228 hubent,
511 2157 543 2217 et
569 2154 642 2234 plus
668 2171 799 2235 semper
832 2158 1006 2237 appetunt,
1042 2172 1103 2217 neo
1133 2171 1249 2218 eorum

200 2288 373 2367 quisquam
398 2288 506 2352 adnuo
532 2291 683 2353 inventus
707 2295 775 2366 ost,
800 2290 873 2367 etti,
900 2289 991 2369 quod
1016 2289 1168 2364 heberet,
1195 2307 1248 2352 es·

199 2427 248 2487 set
282 2422 380 2502 sutis,
428 2441 496 2488 non
533 2426 636 2493 modo
672 2445 740 2493 non
780 2427 908 2509 copiosi
941 2442 981 2489 uo
1021 2423 1154 2501 divites,
1190 2424 1248 2487 sed

199 2563 295 2626 etium
323 2562 439 2642 inopes
461 2578 502 2626 oo
527 2580 689 2645 pauperes
712 2563 922 2628 existimandi
943 2562 1028 2623 sunt
1051 2541 1054 2547 ¹

268 2739 434 2790 Paradoxon
455 2740 520 2806 Vn]
561 2734 671 2791 Sestum
698 2735 750 2792 hoc
773 2737 931 2792 Paradoxon
955 2739 1028 2791 abest
1053 2738 1087 2790 ab
1112 2736 1160 2790 Ed.
1179 2738 1248 2789 Ven.

197 2827 278 2880 1198.
313 2823 344 2877 In
362 2824 411 2877 Ed.
432 2826 501 2880 Vnn.
519 2827 600 2878 14⁹2.
619 2835 678 2895 post
696 2824 821 2878 ultimum
838 2825 969 2878 Paradoxi
989 2827 1022 2879 V.
1049 2826 1159 2880 verbum
1186 2844 1242 2876 corr·

198 2912 290 2963 vincat
308 2912 429 2984 sequitur
448 2912 533 2964 stote.
569 2912 690 2980 Explicit
708 2910 776 2963 liber
794 2911 826 2961 de
844 2913 993 2973 Amicitia,
1010 2914 1042 2963 de
1059 2918 1203 2966 Senectute
1221 2920 1249 2960 et

198 3000 403 3052 Paradoxornm
420 3000 577 3070 Rogietrum
594 3018 619 3054 n.
637 2999 662 3051 b.
676 3018 701 3053 e.
721 3010 771 3054 etc.
806 2999 878 3051 Turn
897 3018 975 3064 sero,
995 2998 1145 3071 posthunc
1165 2999 1247 3053 finem

198 3086 295 3157 pagina
313 3105 420 3150 averso,
439 3106 508 3158 quas
534 3105 615 3140 vacua
635 3087 742 3153 suisset,
771 3087 890 3140 additum
909 3098 961 3152 est,
988 3087 1063 3158 quasi
1088 3106 1183 3140 recens
1202 3107 1247 3141 re·

197 3185 320 3244 pentum,
340 3174 496 3228 Paradoxon
516 3185 616 3227 sextum
633 3173 784 3243 integrum,
808 3185 917 3243 excepta
942 3174 1116 3246 inscriptione
1135 3174 1248 3240 Graeco,

198 3280 267 3331 quse
285 3261 365 3316 etim
387 3263 416 3318 in
433 3261 542 3333 reliquis
560 3262 640 3315 deest.
683 3262 755 3316 Tum
773 3262 871 3315 iterum
895 3262 1016 3333 sequitur
1034 3263 1127 3321 Finis,·
1153 3261 1249 3314 deinde

197 3352 358 3419 Impreesum
385 3349 503 3403 Venetiis
524 3366 575 3419 per
599 3350 796 3404 Bernnrdt'nurn
823 3350 855 3399 de
873 3349 966 3402 cteris
991 3348 1024 3399 de
1041 3351 1169 3401 Cremona
1187 3358 1248 3413 etc„

196 3448 226 3490 ut
241 3434 397 3507 scripsimus
411 3436 440 3489 in
459 3434 551 3491 Indice
568 3436 720 3508 Appnrntus
737 3436 832 3492 nostri.
868 3436 927 3489 Mr.

260 3516 336 3577 Ὅτι
352 3524 453 3586 udone
471 3524 653 3591 risione]
689 3524 795 3579 Graeca
813 3524 910 3579 desunt
925 3524 952 3578 in
968 3523 1095 3577 omnibus
1113 3523 1195 3588 tibris,
1214 3524 1242 3577 in

196 3611 292 3683 quibus
311 3629 341 3666 ea
360 3611 449 3668 decue
467 3630 547 3683 supra
566 3610 684 3664 diximus.
720 3611 751 3664 Ιιι
777 3611 826 3664 Et.
845 3611 906 3665 Per.
925 3614 1004 3666 tout.
1030 3622 1069 3665 est
1095 3612 1140 3663 Oti
1159 3631 1248 3665 monos
1301 3661 1304 3684 ἰ

195 3702 256 3752 tros
281 3699 377 3767 sopdor
398 3698 519 3768 plusioe‚·
546 3699 575 3752 in
592 3698 642 3752 Ed.
666 3699 751 3770 bugd.
777 3699 824 3751 Oti
845 3717 937 3751 nonos
964 3698 999 3751 lto
1018 3700 1114 3768 sophon
1135 3698 1248 3768 ρὶιιιίαι.

196 3785 259 3839 Sola
277 3785 340 3840 Asc.
357 3788 437 3840 1511.
462 3785 541 3841 habet
568 3780 610 3838 iri
634 3785 711 3849 μόνος
735 3783 748 3839 ὅ
773 3782 911 3853 σώφρων
929 3781 1068 3844 nioioroct
1098 3786 1126 3840 in
1146 3805 1246 3858 marg.:

195 3874 247 3928 Atti
265 3873 377 3937 σοφός.
395 3873 463 3929 Edt.
474 3875 544 3929 Ven.
558 3877 637 3929 1514„
648 3886 676 3928 et
689 3877 753 3946 Arg.
769 3875 892 3928 exhibent
911 3868 953 3925 ’ὅτι
972 3869 1049 3935 μόνος
1068 3870 1146 3935 σοφδς
1166 3874 1247 3925 πλού-

195 3966 330 4020 proniori.
367 3962 521 4017 Lectionent
540 3964 660 4032 respon,
689 3974 718 4016 ut
737 3961 827 4032 pantio
847 3961 958 4015 inferius
974 3962 1135 4026 videbimus,
1164 3961 1246 4029 Borg.

195 4062 223 4103 ut
240 4070 315 4103 suam
335 4050 516 4104 coniecturam
537 4052 652 4123 profert3
676 4071 757 4123 quarn
777 4050 843 4116 On,
871 4061 900 4103 ut
918 4049 981 4102 mihi
1005 4050 1114 4121 quidem
1135 4047 1247 4110 ridetur,

195 4138 264 4192 haud
283 4139 417 4192 immerito
437 4138 531 4194 miram
550 4139 692 4211 appellarit
708 4139 895 4210 suspicionem.
931 4137 989 4191 Μι.

267 4226 358 4277 Solum
378 4226 524 4294 rapientem
543 4248 600 4280 esse
619 4229 738 4295 divitem]
759 4228 880 4282 Latinam
897 4224 1100 4294 inscriptionem
1126 4237 1181 4272 non
1201 4216 1249 4270 ha·
