3059 4925
303 495 403 542 xxxiv
472 498 708 547 enotutotfflut
736 498 777 542 AD
808 493 976 543 CICERONIS
1003 497 1190 545 rtusuoxt.

302 666 329 704 et
348 656 434 708 dicein
453 657 574 713 brenna,
599 674 681 728 qnam
699 664 804 707 tanta
824 675 879 707 res
898 655 1054 724 diciposcit
1073 656 1131 707 -Ρ
1178 656 1271 724 Quare
1299 658 1351 712 iarn

302 744 334 797 ad
355 743 520 816 propositum
541 743 694 807 redeamus,
715 745 936 815 inquiramusque
954 743 987 795 de
1005 755 1164 814 argumento
1184 744 1266 797 tibetti
1285 746 1351 816 ipso,

300 833 430 900 primum,
457 843 546 894 utrum
566 831 669 903 singula
689 832 824 884 Paradoxa
851 832 885 884 ita
909 831 1061 902 probaverit
1088 830 1199 910 Cicero,
1226 845 1256 886 nt
1280 845 1352 888 certe

303 921 335 972 ad
355 920 569 991 persuadendum
588 920 652 973 nibil
672 938 837 991 magnopere
856 918 945 971 deesse
964 919 1101 972 rideatur?
1121 921 1221 985 deinde,
1240 940 1305 973 num
1315 920 1350 974 ita

301 1029 328 1063 se
346 1009 478 1080 excipiant
495 1008 521 1061 bi
541 1008 608 1073 ioci,
628 1018 729 1060 utnon
749 1025 811 1059 casu
831 1006 933 1076 potins,
959 1025 1039 1077 quam
1058 1018 1132 1060 certo
1150 1007 1246 1060 ordine
1264 1018 1351 1061 certa·

301 1116 354 1167 que
372 1096 476 1149 ratione
495 1095 613 1166 dispositi
632 1095 799 1166 appareant?
824 1106 898 1159 tum,
915 1094 1013 1166 quatis,
1031 1094 1052 1147 si
1071 1114 1125 1165 qua
1142 1107 1195 1160 est,
1222 1095 1255 1148 sit
1273 1114 1351 1150 causa

301 1181 423 1235 iocorum
442 1183 476 1236 ita
498 1182 744 1254 disponendorum,
762 1194 789 1235 et
807 1181 917 1253 quinam
936 1182 969 1235 sit
986 1201 1081 1235 earum
1098 1183 1199 1236 uerus?
1230 1177 1352 1255 (senique,

235 1308 238 1312 f
303 1288 367 1322 num
385 1290 427 1322 ser
448 1269 508 1323 iitae
532 1271 676 1324 sententiae
700 1270 735 1323 ita
763 1269 903 1323 rideantur
926 1268 1044 1324 deiectae
1070 1289 1099 1323 ex
1130 1290 1243 1324 numero
1271 1271 1351 1342 longe

302 1358 418 1423 maiore,
445 1369 474 1410 ut
492 1368 576 1410 totum
602 1358 710 1429 aliquod
736 1356 854 1411 efficiant
871 1368 898 1411 et
916 1376 999 1409 unum
1024 1357 1106 1430 idque
1124 1358 1274 1411 absolutum
1294 1359 1352 1430 pie·

301 1467 422 1519 numque
440 1458 632 1517 argumentum
648 1446 829 1517 pertractent?
864 1446 947 1499 Pauci
973 1447 1000 1497 iu
1023 1445 1093 1501 banc
1116 1466 1174 1499 rem
1193 1449 1352 1518 interpretes

302 1532 508 1605 inquisiverunt,
535 1535 635 1605 quique
655 1552 714 1586 eam
732 1534 897 1604 attigerunt,
925 1534 952 1586 in
972 1534 1055 1588 varias
1078 1535 1177 1588 abeunt
1196 1543 1276 1606 atque
1301 1537 1350 1587 ad·
1376 1516 1382 1527 '

305 1621 414 1673 modum
434 1622 547 1674 diversas
565 1633 661 1693 partes.
698 1622 732 1676 Et
749 1621 1101 1694 Hieronymusquidern
1119 1623 1276 1676 Wolfius
1292 1624 1351 1687 sibi,

302 1708 380 1774 dixit,
398 1710 436 1760 vix
455 1726 554 1780 operae
569 1712 686 1781 pretium
705 1710 786 1762 sideri
810 1729 940 1782 quaerere
966 1710 1089 1764 ordinem
1111 1722 1137 1764 et
1157 1711 1351 1763 connexionem
1381 1751 1383 1754 .

302 1795 510 1849 Paradororum.
546 1798 592 1849 ttta
614 1799 720 1870 quidem
741 1796 764 1864 [Ι
782 1808 809 1850 et
826 1798 868 1865 ΙΙ.]
887 1817 942 1851 non
961 1798 1030 1850 maie
1049 1797 1206 1852 cohaerere:
1238 1801 1282 1864 „ri
1307 1819 1352 1850 so-

302 1885 359 1935 lum
376 1886 515 1937 honestum
534 1885 629 1938 bonum
648 1888 702 1952 sit,
725 1886 838 1938 virtutis
856 1886 970 1954 compoti
987 1885 1092 1937 nullum
1113 1886 1201 1937 deesse
1218 1885 1351 1937 bonunr“.·

304 1973 348 2025 sed
368 1992 399 2025 ca
412 1974 539 2042 cumbis
557 1982 697 2040 „Peccata
714 1991 771 2024 esse
788 1972 917 2042 aequalia
935 1982 961 2024 et
980 1992 1068 2024 omnes
1086 1974 1187 2025 stultos
1205 1973 1325 2024 insanire
1333 1975 1352 2020 ‘t

303 2072 463 2113 connectere
482 2062 563 2127 jabet
586 2062 663 2114 alios:
692 2060 794 2131 reliqua
820 2059 874 2111 duo
900 2080 957 2113 non
975 2059 1090 2113 multum
1113 2061 1151 2114 ait
1173 2058 1351 2114 abborrerea

303 2146 408 2216 primis:
433 2148 454 2199 si
474 2148 582 2201 servitus
598 2160 624 2202 et
643 2158 742 2219 egestas
759 2167 802 2200 res
820 2148 888 2200 mata
914 2160 965 2215 est,
991 2149 1029 2200 rir
1047 2159 1136 2203 autem
1155 2149 1242 2201 bonus
1266 2160 1293 2202 et
1310 2169 1353 2202 sa-

303 2235 392 2305 piens,
412 2234 543 2287 maiornm
564 2256 668 2307 erpere,
688 2237 765 2292 bonis
783 2236 917 2302 abundat3
935 2248 960 2290 et
978 2237 1046 2289 iiber
1069 2248 1096 2290 et
1119 2236 1189 2289 dives
1204 2236 1274 2288 idem
1294 2237 1352 2303 erit,

303 2321 374 2375 stulti
392 2334 480 2374 autem
509 2334 535 2376 et
563 2324 680 2395 improbi
706 2325 840 2378 contraria
866 2326 958 2397 utique
989 2325 1057 2378 ratio
1080 2335 1127 2378 est.
1170 2323 1252 2392 Quod
1278 2324 1353 2378 Chr.
1423 2326 1428 2334 ’

304 2410 515 2465 Meinersius
532 2411 561 2465 in
579 2411 715 2484 opusculis
733 2413 915 2477 (Vermiscltte
933 2413 1074 2484 Schriften
1093 2412 1112 2469 Ι.
1132 2431 1158 2483 p.
1172 2410 1249 2479 297.)
1266 2411 1353 2483 impe·

302 2500 379 2553 ritius
397 2520 478 2571 quam
498 2502 597 2567 verius,
624 2521 657 2554 ne
677 2502 764 2555 dicam
790 2501 924 2567 calumnia
950 2513 1042 2566 utens,
1068 2500 1096 2552 in
1117 2499 1191 2554 bunc
1215 2497 1354 2551 Ciceronis

303 2585 422 2638 libellum
443 2587 555 2657 scripsit,
574 2608 629 2640 nou
645 2606 793 2643 moramur.
831 2589 939 2660 Operae
956 2602 1046 2642 autem
1066 2573 1181 2658 pretium
1199 2599 1236 2640 est
1254 2585 1352 2656 legere,

305 2692 374 2745 quae
391 2675 454 2727 dixit
471 2674 654 2729 Barditius
671 2676 699 2728 in
717 2677 788 2728 libro
807 2696 821 2728 a
841 2675 872 2729 C.
892 2678 923 2730 V.
939 2675 1083 2728 Hauifio
1104 2675 1174 2726 edito
1190 2673 1353 2743 (Philologie

304 2762 336 2814 ΙΙ.
354 2782 382 2833 p.
399 2767 416 2816 9
434 2783 491 2835 sqq.
510 2763 608 2834 stuttg.
627 2764 760 2832 1803.)‘).
797 2763 851 2816 Sed
869 2763 1007 2816 audiamus
1025 2761 1239 2825 Sebiitzium,
1259 2759 1304 2832 qni
1324 2771 1354 2812 ut

304 2861 383 2902 acute
402 2869 614 2923 nonnunquam,
633 2853 689 2904 imo
707 2871 794 2922 saepe,
814 2851 945 2914 iudicarit,
964 2850 999 2903 ita
1018 2862 1106 2903 tamen
1125 2870 1180 2903 non
1199 2869 1261 2901 raro
1274 2867 1352 2920 prae·

304 2955 420 3006 propere
444 2939 505 3009 egit.
548 2938 674 2992 Oratorie
701 2936 801 3010 magis,¹
824 2940 859 2993 ita
878 2939 937 3005 ilie,
961 2958 1042 3010 quam
1060 2937 1190 2990 subtiliter
1213 2937 1355 3008 disputarit

306 3024 411 3078 Cicero.
448 3027 538 3078 Primo
563 3028 675 3098 quidem
701 3028 839 3080 Paradoro
863 3028 953 3079 omnia
980 3025 1088 3078 honesta
1114 3026 1185 3077 bona
1211 3044 1266 3077 esse
1294 3025 1356 3077 satis

306 3112 449 3183 probatum
469 3113 600 3185 siquidem
618 3135 661 3167 res
680 3116 767 3169 omnis
785 3116 853 3169 redit
871 3115 904 3169 ad
923 3115 988 3168 boui
1007 3113 1200 3167 definitionem.
1237 3112 1290 3165 Sed
1309 3133 1355 3165 so-

305 3202 361 3252 lum
380 3200 481 3254 bonum
502 3201 641 3254 honestum
661 3223 716 3255 esse
734 3222 789 3255 non
807 3203 944 3273 probatur.
997 3202 1090 3272 Neque
1114 3200 1198 3271 magis
1225 3200 1355 3271 probatur

305 3288 333 3340 in
352 3290 481 3344 secundo,
500 3307 561 3340 eum
582 3309 636 3342 non
656 3291 758 3343 beatius
777 3290 877 3355 virere,
905 3290 965 3360 qui,
986 3309 1041 3340 una
1060 3309 1119 3340 cum
1136 3290 1252 3351 virtute,
1279 3284 1350 3339 irua-

232 3390 234 3395 ‘
306 3386 350 3427 tur
368 3376 445 3428 etiarn
465 3377 604 3443 omnibus,
630 3390 675 3432 aut
702 3377 791 3431 inuitis
815 3388 902 3444 certe,
932 3380 1055 3431 fortunae
1082 3376 1175 3442 bonis,
1200 3393 1280 3446 quam
1309 3373 1353 3425 cui

215 3524 222 3533 ,
306 3474 412 3532 praeter
431 3464 553 3518 virtutem
573 3474 658 3518 cetera
678 3464 763 3518 desint
781 3466 880 3518 omnia.
918 3466 1036 3517 Tertium
1054 3465 1110 3534 ipse
1128 3462 1223 3517 Cicero
1241 3458 1354 3513 suaviter

307 3551 364 3604 risit
383 3569 432 3621 pro
451 3551 523 3604 Mur.
533 3555 578 3606 tt.
598 3554 640 3618 31,
659 3552 787 3605 nimirum
807 3572 924 3605 coronae
942 3552 1042 3623 aliquid
1060 3551 1177 3603 dandum
1194 3547 1353 3601 existimaus:
1424 3623 1434 3631 ἐ

307 3636 351 3689 sed
370 3648 459 3690 tamen
478 3639 649 3709 ambiguitate
667 3640 738 3693 vocis
756 3642 884 3711 esquelio
902 3660 952 3694 nos
970 3640 1024 3692 ludi
1043 3641 1153 3705 fatetur,
1179 3635 1248 3687 serio
1271 3635 1304 3686 de
1323 3655 1354 3688 ea

296 3738 336 3777 're
355 3734 380 3776 et
400 3738 492 3780 contra
509 3725 613 3780 Stoicos
637 3726 751 3798 loquens
776 3729 808 3782 de
831 3729 910 3783 Finn.
930 3726 976 3792 tV,
994 3731 1042 3779 at:
1067 3741 1229 3797 quamquam
1254 3721 1354 3793 aliquid

307 3895 515 3907 n———n

380 4034 404 4101 ⁸)
422 4035 542 4091 Meretur
568 4039 646 4092 etiam
672 4041 767 4112 inspici
784 4041 1018 4096 Tiedernanni
1043 4042 1110 4094 tiber
1134 4041 1179 4112 qui
1202 4042 1357 4097 inscribitur

311 4109 416 4173 Syrtenr
437 4109 482 4165 der
500 4111 633 4163 stuisclren
652 4114 837 4182 Pltiiosoplrie:
857 4113 941 4184 (Lips.
961 4116 1039 4166 iiiii.
1058 4111 1102 4167 tlt.
1122 4113 1191 4169 Vott.
1211 4113 1251 4181 8.)
1271 4115 1304 4168 T.
1314 4114 1357 4166 ΙΙΙ.

310 4175 376 4247 Cap.
394 4181 419 4229 1.
439 4183 597 4248 pt-tns,
616 4182 661 4234 ubi
681 4184 802 4237 universe
821 4185 854 4236 de
873 4184 992 4237 doctrina
1009 4183 1163 4238 Stoicorum
1184 4185 1217 4238 de
1238 4185 1356 4237 risoribus

310 4248 472 4318 disputatura
489 4253 522 4306 de
541 4252 683 4306 paradoxis
700 4254 727 4306 in
747 4254 840 4325 primis
857 4255 892 4309 ib.
912 4276 940 4326 p.
958 4258 1109 4312 tte-156.
1128 4256 1189 4312 eott.
1209 4277 1235 4326 p.
1249 4260 1310 4309 210.
