3059 4925
303 467 375 542 158
641 489 812 535 riaiooxa
839 489 1032 537 srarconurr.

301 654 351 706 sito
369 649 505 721 scriptoris
525 648 682 702 contrarius.
733 647 827 717 Neque
846 649 917 702 enim
936 649 1100 703 adversarius
1118 659 1204 721 potest
1219 649 1308 704 dicere
1325 672 1352 703 se

299 740 333 793 ita
354 755 479 809 peccare,
505 735 594 806 prouti
612 746 729 789 actorem
756 734 784 785 in
805 753 899 802 scena,
925 736 1025 791 scilicet
1050 736 1155 804 leviter,
1182 738 1351 814 quandoqui-

299 826 359 879 dem
380 826 476 879 Cicero
493 822 575 876 modo
593 823 669 888 dixit,
689 821 782 875 omnia
800 822 866 875 lesia
885 824 964 877 etiam
983 824 1011 878 in
1029 844 1108 878 scena
1127 836 1235 896 peccata
1253 844 1350 897 magna

299 934 360 966 esse.
394 912 486 984 ltaque
503 911 633 965 sententia
653 909 780 981 requirit:
799 910 843 962 Tu
862 930 918 965 non
937 913 1023 984 magis
1040 914 1118 966 etiam
1137 915 1165 966 in
1185 915 1250 980 rita,
1269 933 1349 985 qaam

300 1012 375 1055 actor
390 1001 419 1053 in
435 998 549 1071 syllaba,
566 1010 591 1052 te
610 1017 722 1071 peccare
741 998 912 1053 confitebere.
957 1000 1000 1053 De
1018 999 1069 1055 hoc
1086 1021 1136 1054 usu
1156 1002 1300 1072 particulae
1318 1011 1350 1052 at

298 1089 451 1143 monuimus
467 1088 495 1139 in
514 1086 582 1140 Bibl.
601 1085 667 1140 Crit.
687 1087 706 1139 l.
725 1106 751 1157 p.
768 1089 812 1140 ts.
838 1098 864 1141 et
882 1089 909 1140 in
928 1087 1099 1143 praefatione
1123 1089 1209 1143 Partis
1226 1091 1261 1144 V.
1280 1108 1306 1159 p.
1324 1083 1350 1142 8.

298 1177 351 1245 [Ad
370 1177 486 1248 priorem
506 1174 595 1228 locam
615 1175 649 1230 cf.
660 1173 746 1227 Orell.
757 1174 790 1226 ad
809 1174 865 1227 Cic.
879 1175 912 1228 de
930 1174 980 1230 Or.
994 1176 1078 1244 ll,1't.
1097 1188 1161 1231 extr.
1179 1176 1235 1248 qni,
1253 1194 1350 1247 qaam·

298 1282 378 1336 quam
397 1282 453 1316 aon
470 1264 572 1334 recepit
592 1259 795 1333 Wytteabacliii
815 1262 1040 1330 emendationem,
1060 1263 1112 1317 loci
1131 1275 1220 1318 tamen
1241 1275 1349 1318 senten-

299 1353 362 1405 tiam
382 1350 494 1404 eandem
512 1369 567 1403 esse
586 1349 648 1403 vult.
684 1349 822 1402 Posterior
839 1349 915 1405 locus
935 1363 973 1404 est
991 1351 1025 1404 de
1042 1351 1074 1404 N.
1094 1351 1128 1404 D.
1146 1352 1166 1418 l,
1187 1357 1217 1405 ²:
1236 1358 1270 1404 ln
1287 1371 1349 1421 spe-

298 1443 336 1493 cie
355 1450 446 1491 autem
460 1439 548 1508 fictae
566 1437 763 1503 simulationis,
782 1437 879 1489 sicut
897 1438 1016 1510 reliquas
1035 1440 1166 1502 virtutes,
1192 1439 1233 1488 ita
1256 1439 1348 1507 pietas

297 1529 381 1580 inesse
399 1545 452 1577 aon
468 1535 572 1595 potest:
592 1536 663 1578 recte
683 1523 810 1593 explicat:
829 1534 867 1575 ut
885 1542 944 1576 aec
962 1525 1081 1597 reliquae
1100 1526 1224 1583 virtutes,
1242 1527 1284 1576 ita
1302 1543 1350 1575 aec
1401 1590 1407 1612 ι

294 1618 384 1683 pietas
402 1614 462 1681 etc]
500 1612 553 1666 Sed
572 1624 626 1667 tota
645 1611 772 1683 periodus
795 1610 948 1664 huiusmodi
971 1611 1075 1666 ridetur
1097 1611 1244 1684 periphrasi
1267 1611 1350 1683 expli·

297 1695 411 1756 candus:
430 1702 514 1755 Actor
532 1700 653 1754 scenicus
670 1702 690 1752 si
709 1697 748 1751 vel
769 1699 796 1752 in
814 1699 935 1754 saltando
953 1699 1102 1771 paullulum
1114 1701 1255 1754 declinarit
1272 1720 1286 1753 a
1303 1720 1348 1753 re·

296 1788 358 1859 gula
377 1789 415 1841 rel
433 1789 462 1842 ia
482 1786 682 1859 pronuntiando
701 1805 776 1839 versu
800 1792 855 1840 uni
873 1785 974 1859 syllabis
997 1788 1145 1841 breviorem
1172 1800 1219 1842 aut
1243 1788 1348 1859 longio-

297 1897 355 1929 rem
375 1876 453 1943 lecit,
480 1887 569 1930 tamea
588 1895 603 1928 a
621 1875 817 1947 spectatoribus
842 1876 1011 1947 improbatur
1036 1886 1063 1929 et
1079 1875 1231 1929 derideture
1258 1886 1287 1927 tu
1314 1893 1347 1928 eo

299 1965 382 2037 magis
400 1966 428 2017 iti
447 1966 511 2030 rita,
530 1983 599 2036 quae
618 1972 656 2016 est
673 1963 747 2015 omni
766 1962 871 2014 actione
888 1963 992 2016 scenica
1011 1962 1163 2034 diligentius
1175 1962 1347 2027 moderanda,

298 2065 324 2107 et
343 2055 416 2106 omni
435 2071 509 2104 versu
531 2050 679 2104 accuratius
698 2048 902 2118 componenda,
927 2068 981 2103 uon
1002 2053 1086 2122 magis
1103 2063 1129 2104 te
1148 2068 1259 2121 peccare
1277 2049 1350 2100 dices

296 2159 384 2212 neque
403 2140 522 2210 gravius,
545 2157 626 2208 quam
646 2135 800 2189 histrionem
818 2137 846 2189 ia
865 2136 1011 2208 sy·llaba?“
1031 2140 1068 2189 W
1075 2140 1203 2210 yttenb.

367 2236 405 2278 at
423 2228 451 2278 in
470 2225 577 2295 syllaba
595 2235 622 2276 te
639 2242 806 2294 peccasse
825 2225 927 2293 dices?]
964 2226 1070 2279 Servavi
1099 2238 1144 2291 at,
1170 2227 1244 2297 quod
1262 2240 1300 2281 est
1318 2229 1346 2280 ia

297 2316 383 2370 Codd.
403 2316 460 2367 Cra.
480 2318 505 2368 1.
524 2319 549 2367 2.
568 2312 634 2366 Oix.
653 2312 794 2378 omnibus,
819 2312 1019 2367 SuerinsGud.
1037 2314 1069 2367 Α.
1088 2314 1168 2367 Drsd.
1186 2318 1212 2367 1.
1231 2320 1256 2380 2.
1276 2295 1364 2368 sss(

293 2406 414 2477 itemque
432 2404 461 2456 in
480 2401 565 2456 codd.
585 2400 680 2454 Orellii
707 2412 733 2454 et
749 2400 834 2466 Edd,
861 2412 969 2474 excepta
993 2401 1072 2468 Lall,
1099 2401 1232 2454 omnibus.
1277 2401 1346 2453 Dedi

295 2495 374 2547 etiam
389 2511 514 2562 peccasse
532 2511 561 2544 er
580 2489 645 2544 Ors.
665 2490 805 2555 omnibus,
833 2489 894 2545 Bas.
912 2489 1003 2543 Guell.
1019 2493 1077 2544 Cra.
1096 2494 1121 2544 1.
1141 2495 1165 2543 2.
1180 2494 1206 2546 3.
1226 2491 1297 2543 Gud.
1314 2491 1348 2543 Α.

296 2581 325 2634 Β.
346 2580 439 2633 Duisb.
457 2579 538 2633 Drsd.
558 2582 583 2631 1.
603 2583 627 2630 2.
648 2581 672 2632 3.
691 2583 717 2631 1.
737 2582 763 2630 5.
782 2577 850 2630 Edd.
870 2579 939 2632 Vict.
955 2577 1143 2632 Lamli.Sull⁴r.
1163 2578 1234 2632 Petr.
1251 2579 1348 2631 nastris

296 2669 357 2721 Asc.
375 2670 455 2720 1111.
473 2666 541 2719 Rob.
558 2664 649 2735 steph.
669 2668 744 2718 Cam.
759 2665 857 2719 Thom.
875 2666 963 2720 Bentl.
982 2678 1008 2720 et
1026 2664 1127 2720 Geruli.
1146 2666 1174 2718 in
1187 2665 1256 2720 Add.
1287 2666 1345 2720 Mr.

366 2758 479 2805 Portam
497 2771 549 2804 noa
566 2753 648 2804 audio
668 2755 697 2803 in
716 2754 824 2822 nagisz]
843 2755 923 2816 „Non
941 2754 1024 2806 audio
1042 2773 1069 2806 se
1089 2765 1270 2809 excusantem:
1289 2773 1345 2807 non

295 2843 369 2907 fero,
388 2841 409 2893 si
430 2843 548 2911 peccat“
573 2838 647 2905 Atd.
666 2838 753 2893 Man.
795 2839 875 2906 „Non
901 2841 1028 2912 ignosco,
1055 2862 1111 2895 noa
1134 2841 1260 2896 condono
1283 2861 1347 2913 pec·

296 2931 375 2985 cauti.
413 2932 527 3002 Nugae:
546 2928 579 2982 de
598 2946 627 2980 re
645 2926 763 2980 ludicrae
794 2939 823 2980 ut
843 2928 871 2980 in
890 2948 965 2982 versu
984 2940 1010 2982 et
1033 2946 1112 2983 scena
1130 2929 1187 3000 ipse
1206 2926 1303 2983 Cicero
1319 2939 1346 2982 et

294 3019 421 3072 Horatius
436 3037 514 3088 saepe
543 3036 632 3069 versus
650 3027 676 3069 et
703 3017 854 3068 carminum
880 3018 1101 3087 compositionem
1130 3027 1225 3070 vocant
1248 3015 1345 3081 lusum,

294 3106 400 3172 ladere,
428 3109 541 3176 πυριῶ·
562 3105 667 3174 Wytt.
716 3106 814 3175 Nugas
838 3104 916 3158 etiam
944 3105 1062 3159 carmina
1090 3124 1137 3158 saa
1162 3104 1226 3158 dicit
1251 3103 1346 3158 Catull.

293 3191 359 3259 1,4.
395 3192 425 3244 M
432 3212 453 3246 r.

364 3283 398 3331 ln
424 3281 498 3331 vitae
517 3281 645 3339 societate
672 3279 784 3330 audiam
803 3281 911 3348 civem‚]
942 3279 1009 3334 Cod.
1028 3279 1100 3334 Gud.
1119 3280 1152 3334 Α.
1170 3283 1199 3335 in
1216 3283 1345 3334 sacietate

296 3368 378 3420 vitae.
406 3368 495 3421 Verba
514 3368 625 3420 audiam
643 3369 725 3418 civem
743 3366 839 3420 desunt
857 3367 884 3420 in
899 3368 967 3423 cod.
982 3368 1113 3435 Drsd.5.;
1137 3370 1206 3421 idem
1225 3380 1284 3440 post
1302 3387 1346 3420 so·

294 3458 393 3507 cietote
419 3455 506 3525 pergit
531 3473 617 3526 quae
642 3457 732 3505 civem.
776 3454 856 3508 Drsd.
875 3460 900 3510 4.
925 3454 1003 3510 habet
1033 3456 1152 3512 audiam.
1176 3458 1259 3508 civem
1285 3475 1346 3506 aa·

295 3545 329 3594 di
336 3563 386 3595 am
403 3544 609 3594 dimittentem
626 3552 823 3611 percomesus,
843 3544 941 3597 omisso
961 3544 1072 3615 digitis,·
1094 3546 1153 3599 Cra.
1172 3548 1197 3596 1.
1222 3561 1286 3594 sua
1303 3543 1346 3593 cti-

292 3633 360 3702 gitis
376 3639 489 3699 peccata
508 3630 693 3683 dimetientem.
728 3630 810 3685 Drsd.
830 3636 855 3687 5.
874 3633 970 3686 omittit
988 3651 1049 3685 sua.
1086 3632 1165 3684 Drsd.
1183 3638 1208 3686 2.
1230 3641 1344 3699 peccata

293 3735 345 3769 sua
362 3717 416 3786 dig.
433 3716 495 3768 dim.
513 3715 573 3767 Mr.
608 3718 749 3781 „Audiam
767 3719 857 3782 civem,
875 3720 923 3771 ie.
942 3719 1079 3789 ignoscam
1099 3719 1148 3771 civi
1166 3738 1194 3771 se
1212 3721 1346 3771 excusanti

293 3823 326 3857 ac
344 3804 461 3869 dicenti,
481 3822 509 3855 se
529 3813 636 3873 peccata
655 3823 701 3856 sua
721 3803 836 3858 dimetiri
861 3805 949 3876 digitis
974 3816 1003 3859 ut
1021 3824 1133 3859 versum.
1178 3803 1209 3856 ln
1228 3805 1280 3858 lroc
1297 3823 1345 3875 ge·
1394 3850 1398 3859 .

294 3908 359 3941 nere
377 3901 415 3942 est
433 3890 536 3943 dictum
553 3887 617 3941 Hor.
636 3890 668 3942 A.
687 3890 718 3944 P.
738 3895 802 3945 244:
831 3893 1031 3965 legitimamque
1055 3913 1150 3946 sonam
1174 3893 1268 3962 digitis
1286 3894 1345 3943 cal-

293 3979 378 4029 lemus
396 3987 423 4027 et
442 3982 532 4030 aare.“
551 3977 654 4048 Wytt.
697 3977 758 4031 Mos
777 3979 886 4051 quidam
905 4000 961 4034 non
982 3979 1097 4051 vulgaris
1114 3980 1165 4032 luit
1181 3978 1254 4049 apud
1273 3989 1346 4033 sete·

292 4086 349 4132 res,
377 4084 425 4135 per
444 4064 539 4135 digitos
558 4084 706 4136 eorumque
724 4068 851 4121 articulos
876 4068 1077 4121 dinumerandi:
1105 4086 1185 4138 quem
1209 4086 1240 4118 er
1257 4065 1347 4121 Bedae

292 4151 450 4206 venerahilis
468 4153 595 4206 sententia
615 4152 670 4207 lod.
690 4152 875 4207 Cliclrtosaeus
891 4156 1029 4227 adscripsit
1049 4156 1118 4210 libro
1137 4154 1182 4208 Vl.
1213 4174 1293 4227 quem
1313 4155 1346 4206 de

292 4242 402 4312 mystica
423 4259 597 4294 numerorum
617 4240 810 4310 significatione
829 4241 935 4296 edidit.“
963 4243 1036 4298 Fre.
1056 4242 1146 4314 Syls.
1164 4272 1199 4283 ·-
1245 4241 1346 4311 „Digi-

1507 4139 1523 4215 1
