3059 4925
296 446 369 520 126
618 471 791 520 rinnon
818 470 1011 522 srotcorurr.

294 634 366 701 tis}
385 650 447 684 sane
466 649 521 701 qua
539 646 644 684 sensum
665 629 781 696 [volebat
801 630 875 701 quod
893 632 931 682 od
947 632 1064 697 sensum]
1090 641 1174 701 potest
1200 642 1344 704 utrumque

293 722 396 775 abesse:
416 718 461 772 sed
480 716 625 788 elegantius
643 729 680 770 est
700 719 807 787 culpam
826 737 887 773 cum
907 718 951 771 tali
970 717 1096 772 adiuncto
1125 738 1140 771 e
1166 718 1246 771 verbo
1265 739 1343 790 supe-

294 809 388 862 riori.“
405 805 482 859 Ern.
519 803 637 860 Servavit
657 806 793 867 tamenin
813 806 941 864 contextis
959 804 1025 859 Ern.
1051 806 1218 859 transeundi.
1261 805 1343 858 Dele-

295 905 387 949 rerunt
414 892 466 946 hoc
489 892 666 963 gerundium,
694 903 754 963 pust
779 891 940 959 Graevium,
968 893 1135 947 Facciolatus
1158 894 1216 964 (scd
1243 894 1270 946 in
1295 892 1344 945 Ed.

293 983 379 1054 prime
397 980 520 1047 serravit)
540 991 567 1032 et
585 977 635 1033 Or.
652 978 842 1047 Gernlrardus,
868 980 915 1052 qui
933 980 998 1034 nihil
1017 1000 1145 1045 monens,
1170 994 1241 1035 certe
1259 981 1345 1035 Grae·

293 1071 342 1134 rii,
360 1066 503 1124 Facciolati
521 1067 581 1138 (qui
599 1067 689 1138 inepte
706 1068 768 1121 addi
787 1068 821 1122 ab
836 1068 893 1122 aliis
919 1070 1079 1122 transeundi
1097 1069 1173 1135 dixit)
1197 1080 1222 1121 et
1241 1068 1345 1121 Ernesti

294 1157 398 1212 iudiciis
415 1154 480 1207 niti}
499 1154 532 1207 de
550 1172 599 1206 suo
619 1154 719 1208 addens
744 1155 863 1210 ediderat
880 1154 1029 1226 vulgatam,
1057 1157 1084 1207 in
1112 1156 1249 1210 Addendis
1272 1157 1346 1208 iubet

293 1243 370 1300 uncis
388 1242 490 1298 includi
507 1241 572 1296 illud
592 1240 772 1307 Gerundium‚
790 1242 933 1314 additque:
952 1242 1045 1307 „Idem
1061 1254 1187 1298 statuerat
1199 1242 1346 1299 ‘inuenit

293 1334 321 1387 iu
340 1330 423 1395 notis,
442 1329 486 1384 sed
505 1330 533 1381 in
552 1329 784 1384 emendationibus
802 1329 910 1382 mutarit
929 1330 1096 1382 sententiam.
1132 1332 1167 1384 At
1185 1329 1345 1382 transeundi

288 1421 373 1489 culpo
391 1417 503 1488 intelligi
521 1416 595 1472 iubet
613 1415 684 1470 aliud
696 1416 792 1488 culpae
811 1435 897 1487 genus
915 1418 949 1470 ab
960 1416 1006 1471 illo
1020 1417 1246 1488 distinguendum,
1266 1435 1346 1487 prae-

294 1519 334 1561 ter
352 1505 423 1578 quod
441 1504 525 1558 Stoici
543 1515 643 1575 negant
660 1504 863 1559 esoe'alterum.
910 1505 1036 1571 Accedit,
1064 1505 1154 1575 quod,
1182 1505 1345 1576 praeceden-

293 1595 364 1648 tibus
374 1593 460 1648 verbis
470 1611 529 1646 cum
543 1592 622 1644 semol
635 1593 785 1657 transieris,
803 1593 856 1647 lroc
866 1592 1037 1652 Geruudium
1050 1604 1088 1645 est
1106 1592 1269 1648 molestius.“
1287 1593 1344 1646 Mr.

364 1684 402 1734 ud
428 1680 580 1752 augendum
613 1679 733 1748 culpam]
770 1680 862 1734 Deleri
893 1699 955 1734 cum
985 1679 1035 1732 Or.
1061 1679 1246 1749 interpositum
1279 1678 1343 1734 illud

295 1768 461 1826 transeundi.
498 1766 569 1821 Dixit
590 1765 698 1838 quidem
717 1766 801 1837 Borg.
827 1766 934 1837 plaeere
959 1768 1009 1820 sibi
1028 1767 1131 1820 Ernesti
1161 1768 1342 1822 coniecturam

294 1857 475 1912 transeuntia:
503 1854 630 1926 quoniam
654 1853 798 1927 Porticipia
827 1855 976 1910 alibrariis
1002 1873 1081 1926 saepe
1107 1866 1294 1925 permutantur
1314 1855 1342 1907 in

211 1992 216 1997 .
295 1945 442 2001 Gerundia.
488 1943 549 1997 Vid.
568 1940 708 1996 Ruhnken.
726 1943 758 1995 ad
777 1942 860 1996 Rutil.
877 1944 945 2014 Lup.
972 1963 998 2014 p.
1017 1948 1042 1996 4.
1068 1945 1148 1998 Conf.
1167 1945 1200 1997 de
1217 1942 1280 1996 Seu.
1299 1948 1343 1998 2⁰.

295 2031 332 2103 [§.
350 2036 407 2100 tn]
427 2032 472 2085 ubi
491 2031 557 2083 Ern.
576 2050 604 2086 er
625 2028 692 2081 cod.
709 2029 767 2081 Eri.
786 2049 836 2100 pro
854 2031 981 2082 moriendi
999 2031 1112 2084 restituit
1129 2032 1264 2082 morienti:
1283 2035 1343 2083 Iam

293 2141 388 2175 sensus
406 2118 569 2170 morienti
587 2117 754 2187 aliquisesse
771 2124 886 2186 potest.“
923 2118 975 2171 Sed
984 2107 1093 2172 Ernest.
1107 2118 1171 2173 haec
1190 2119 1342 2173 coniectura

294 2210 347 2262 iam
366 2206 478 2261 refutata
496 2215 535 2272 est
557 2201 752 2256 a-Gernlrardo
779 2204 811 2257 ad
839 2204 914 2257 illum
944 2206 1031 2276 ipsum
1051 2207 1161 2260 Catonis
1188 2225 1223 2258 m.
1242 2205 1342 2270 locum,

295 2313 382 2366 nequo
395 2311 453 2346 eam
465 2292 566 2345 curarit
579 2290 608 2344 in
621 2309 667 2343 sua
683 2290 799 2344 editione
815 2292 847 2344 R.
866 2291 982 2347 Klotzi
991 2314 1036 2347 us.
1064 2294 1161 2348 Nostro
1172 2305 1259 2349 autem
1273 2293 1343 2357 loco,

295 2369 458 2454 quamquam
478 2399 534 2437 non
553 2379 642 2449 inepte
660 2378 805 2434 adderetur
823 2382 1000 2446 transeuntis,
1025 2381 1089 2434 mibi
1108 2393 1195 2435 tamen
1214 2381 1344 2436 abiicien-

295 2471 359 2523 dum
379 2472 461 2525 risum
480 2480 518 2523 est
536 2468 600 2521 illud
621 2467 790 2534 vocabulum,
810 2471 882 2541 quod
894 2470 1000 2525 uncinis
1017 2470 1123 2524 inclusit
1137 2471 1245 2523 iubente
1254 2470 1341 2524 Gern-

295 2560 378 2614 bardo
403 2558 531 2613 Nobliius.
578 2556 661 2610 Abest
688 2557 759 2611 enim
786 2559 946 2611 transeundi
970 2559 1049 2615 etiam
1077 2578 1092 2611 a
1116 2558 1183 2611 Cod.
1212 2556 1343 2623 Gud.,n„

295 2647 324 2700 in
342 2645 428 2699 cett
447 2636 616 2701 Drstlslret
633 2647 658 2699 3.
677 2644 783 2698 inverso
802 2645 897 2699 ordine
918 2647 1043 2700 scribitur
1052 2647 1157 2714 culpam
1176 2648 1343 2707 transeundi,

295 2734 412 2804 denique
429 2732 458 2784 in
477 2729 545 2784 cod.
564 2733 623 2785 Cra.
641 2735 666 2784 2.
686 2731 722 2784 ita
742 2731 875 2786 intrusum
893 2744 931 2788 cst
949 2734 1036 2787 alieno
1055 2732 1129 2798 loco,
1156 2743 1185 2784 ut
1203 2732 1343 2785 manifesto

296 2830 422 2892 apparent
439 2818 553 2888 glossam
574 2837 589 2871 e
609 2817 730 2888 margine
748 2819 776 2871 in
792 2831 943 2874 contextum
962 2820 1096 2891 irrepsisse
1113 2839 1277 2873 sermonem:
1305 2835 1343 2875 est

295 2909 367 2961 enim
385 2907 436 2960 ibi:
455 2907 494 2956 ud
508 2906 661 2978 augendum
677 2905 787 2974 culpam
804 2907 874 2958 nihil
887 2909 1006 2975 pertinet
1025 2909 1243 2962 transeundi.
1267 2908 1324 2961 Mr.

364 3000 480 3049 forrare
496 3003 566 3045 certo
585 2992 647 3045 licet
665 2992 783 3062 nerant]
821 2994 909 3059 „Gud.
938 2994 1075 3048 Pithoean.
1124 2996 1189 3063 Qui
1195 3014 1213 3045 a
1235 3016 1344 3066 peccare

295 3085 391 3133 rert0.“
409 3079 526 3133 Graer.
563 3078 718 3146 „Sententia
744 3075 902 3140 αὕτὸπιστος
920 3091 944 3134 et
970 3092 1040 3134 extra
1060 3101 1168 3134 omnem
1188 3095 1344 3137 controver*

294 3170 377 3234 riam,
403 3168 447 3223 sed
471 3163 682 3236 α’προςδιᾶνυσος.
737 3167 805 3220 Nam
833 3188 955 3239 peccasse
981 3189 1060 3236 eum,
1094 3170 1139 3241 qui
1165 3170 1233 3226 duos
1256 3192 1345 3243 possus

295 3257 429 3320 transierit
451 3257 548 3321 lineas,
574 3254 738 3309 conceditur.
783 3256 813 3308 ld
838 3269 927 3311 autem
951 3259 1103 3329 quaeritur,
1132 3278 1166 3311 an
1185 3259 1241 3311 eius
1257 3271 1345 3314 trans-

295 3345 395 3416 gressio
410 3356 482 3399 tanta
500 3343 547 3409 s'it,
565 3355 666 3414 quanta
683 3342 768 3407 illius,
788 3343 834 3414 qui
853 3344 984 3399 ducentos
1002 3346 1172 3415 processit?“
1191 3345 1223 3398 tl.
1241 3347 1345 3401 Wolf.

296 3433 381 3498 „Hoc
392 3451 440 3504 per
458 3451 485 3485 se
504 3441 596 3501 aptum
616 3442 643 3484 ot
661 3431 833 3502 perspicuum
853 3431 958 3485 subiicit
977 3430 1073 3485 Cicero
1090 3432 1185 3489 callide
1208 3444 1234 3491 et
1252 3444 1343 3487 orato-

295 3521 348 3586 rie,
369 3519 443 3591 quasi
462 3517 496 3571 ad
514 3518 660 3571 sanandam
687 3519 806 3588 proximo
831 3519 1012 3574 antecedentis
1035 3518 1098 3573 dicti
1124 3520 1341 3577 absurditatem.“

295 3610 404 3680 Wyu.
440 3605 507 3660 eod.
532 3606 611 3660 Drsd·
629 3610 655 3663 4.
680 3605 759 3661 habet
789 3609 888 3659 nemini
913 3609 984 3662 licet.
1032 3606 1123 3678 Pergit
1153 3606 1221 3660 cod.
1249 3607 1343 3663 Duisb.

296 3695 475 3765 Quicquid
498 3704 591 3746 autern
614 3696 755 3750 nonlicet.
802 3695 924 3766 Sequens
948 3696 978 3745 id
1002 3695 1077 3747 abest
1092 3704 1114 3746 'a
1140 3693 1208 3748 cod.
1236 3692 1344 3747 Suerin.

297 3793 322 3834 et
343 3800 402 3833 uno
422 3781 490 3834 rttdt.
515 3781 582 3834 cod.
611 3779 662 3834 01.
678 3780 711 3834 E.
743 3801 807 3835 cum
824 3781 905 3837 Drsd.
924 3787 949 3835 2.
975 3781 1074 3835 habeut
1096 3783 1126 3833 id
1151 3783 1185 3833 in
1210 3783 1259 3837 hoc
1283 3801 1345 3837 uno,

296 3869 377 3923 Drsd.
395 3872 421 3922 1.
440 3873 465 3924 3.
484 3871 533 3922 hoe
550 3888 603 3923 uno
620 3869 657 3923 id.
694 3868 765 3924 Gud.
787 3870 819 3922 Α.
843 3881 950 3923 tenetur
974 3888 1036 3923 uno.
1081 3869 1159 3924 Unus
1178 3868 1238 3922 Atdi
1266 3868 1345 3922 habet

295 3959 331 4009 r'n
349 3958 398 4009 hoc
416 3977 485 4021 uno,
503 3957 601 4010 omisso
618 3957 655 4010 irt.
692 3956 755 4010 Mr.

370 4047 403 4096 Id
420 4046 468 4096 lior
485 4046 548 4112 uuo]
585 4044 672 4110 „Tuta
700 4045 756 4098 eius
786 4046 822 4097 vis
846 4055 872 4097 et
892 4046 959 4099 ratio
982 4046 1010 4097 in
1039 4043 1090 4101 hou
1114 4044 1193 4098 unice
1220 4043 1345 4098 consistit.

298 4132 348 4185 Atti
368 4131 464 4184 tollunt
483 4136 559 4183 uno.“
577 4129 674 4185 Face.
712 4130 790 4198 Quos
807 4131 880 4183 dicat
896 4150 949 4184 uno
967 4131 1074 4196 tollere,
1089 4151 1145 4186 non
1165 4132 1248 4187 rideo.
1278 4132 1344 4185 Edd.

298 4230 385 4283 certe,
406 4236 474 4288 quae
491 4217 524 4269 arl
544 4233 653 4269 manum
668 4226 744 4282 sunt,
764 4235 858 4269 omnes
875 4216 974 4273 habent
993 4238 1051 4273 eam
1063 4237 1177 4286 rocem:
1203 4237 1254 4273 nec
1274 4216 1346 4272 mul-
