3059 4925
236 479 241 492 ’
318 455 388 528 162
629 481 803 528 rnnsnoxn
831 484 1024 533 srorconnu.

616 637 958 715 PAnAnoxou
991 645 1058 718 lV.

459 810 551 898 Ὅτι
589 824 667 898 arcis
702 811 834 920 ἄφρων
868 819 1057 913 μαίνεται.

449 982 635 1068 [Omnem
663 982 815 1046 stultum
842 980 1036 1070 insanire]

286 1204 296 1248 1
382 1187 453 1267 Ego
479 1205 560 1251 uero
587 1190 618 1248 te
643 1202 710 1248 non
737 1184 888 1264 stultum,
915 1191 950 1249 ut
976 1193 1093 1268 s'aepe;
1129 1208 1196 1254 non
1233 1195 1358 1275 impro-

309 1322 397 1399 bum,
423 1327 459 1385 ut
484 1339 631 1401 semper;
655 1320 713 1383 sed
732 1320 918 1384 dementem
942 1326 973 1384 et
998 1324 1149 1387 insanum
1169 1327 1267 1389 rebus
1283 1329 1356 1390 vin·

309 1477 381 1556 cam
407 1459 609 1523 necessariis.
669 1456 831 1538 Sapientis
858 1460 985 1521 animus
1014 1460 1237 1539 magnitudine
1273 1479 1355 1524 con-

308 1596 388 1673 silii,
415 1595 588 1659 tolerantia
609 1611 719 1657 rerum
741 1594 981 1672 humanarum,
1018 1597 1261 1677 contemptione
1285 1597 1355 1659 ior·

307 1738 425 1810 tunae,
466 1732 639 1797 virtutibus
681 1730 823 1811 denique
877 1732 1047 1807 omnibus,
1097 1736 1132 1794 ut
1171 1733 1353 1807 moenibus,

306 1873 447 1949 saeptus,
476 1869 623 1932 vincetur
649 1872 680 1930 et
707 1872 959 1950 expugnabitur,
984 1870 1039 1950 qui
1061 1886 1102 1931 ne
1128 1870 1257 1933 civitate
1279 1869 1353 1949 qui·

307 2003 382 2067 dem
410 2004 486 2090 pelli
513 2005 642 2084 potest?
695 2002 790 2079 Quae
817 2009 864 2067 est
893 2005 979 2066 enim
1005 2006 1142 2071 civitas?
1195 2004 1352 2070 Omnisne

306 2144 487 2204 conventus
500 2138 600 2201 etiam
620 2136 768 2200 ferorum
791 2140 1056 2205 etimmanium‘l
1084 2144 1233 2206 omnisne
1254 2142 1352 2205 etiam

305 2279 518 2359 fugitivorum
544 2275 585 2340 ac'
609 2276 791 2340 latronum:
827 2281 1025 2357 congregata
1055 2295 1157 2341 unum
1184 2247 1352 2340 inlocum

305 2413 503 2479 multitudo?
556 2410 650 2477 Certe
676 2412 822 2494 negabis.
881 2412 956 2479 Non
982 2413 1088 2494 igiturw
1110 2417 1180 2480 erat
1202 2417 1257 2481 illa
1283 2418 1352 2479 tum

306 2554 434 2629 civitas,
471 2567 571 2631 quum
604 2550 692 2630 leges
725 2550 758 2612 in
794 2567 834 2613 ea
860 2550 940 2613 nihil
963 2551 1132 2627 valebant;
1170 2570 1271 2633 quum
1301 2554 1352 2615 in-

305 2689 390 2752 dicia
417 2655 594 2750 iacebantz*
623 2704 724 2766 quum
758 2704 832 2749 mos
864 2689 989 2769 patrius
1020 2689 1206 2754 occiderat:
1242 2688 1351 2771 quum

301 2828 392 2891 icrro
420 2822 520 2905 pulsis
544 2823 803 2903 magistratibus,
838 2828 970 2888 senatus
1003 2843 1124 2890 nomen
1157 2826 1191 2890 in
1227 2844 1263 2890 re
1290 2843 1353 2906 pu-

305 2965 390 3028 blica
406 2981 473 3026 non
500 2965 579 3026 erat.
630 2958 839 3024 Praedonum
859 2962 913 3024 ille
930 2981 1119 3042 concursus,
1145 2968 1186 3041 et,
1212 2961 1352 3038 ledaco,

304 3100 511 3165 latrocinium
536 3099 570 3159 in
597 3097 671 3160 foro
698 3099 924 3175 constitutum,
959 3103 1000 3162 et
1017 3101 1175 3181 reliquiae
1196 3099 1352 3162 coniura-

304 3235 401 3300 tionis
432 3253 452 3299 a
480 3233 637 3299 Catilinae
672 3233 765 3298 furiis
797 3235 838 3298 ad
872 3239 962 3299 tuum
999 3238 1111 3305 scelus·
1139 3228 1351 3315 furoremque
1398 3292 1401 3296 ,

304 3389 503 3449 conversae,
529 3389 597 3434 non
620 3372 733 3435 civitas
760 3376 840 3434 erat.
901 3374 1015 3453 ltaque
1038 3374 1151 3454 pulsus
1179 3389 1242 3452 ego
1269 3372 1350 3435 civi-

303 3515 369 3574 tate
387 3526 454 3571 non
478 3524 570 3583 sum,
597 3522 681 3587 quae
707 3482 808 3572 nulla¹
825 3512 911 3571 erat:
938 3508 1112 3572 arcessitus
1127 3509 1162 3571 in
1185 3509 1350 3571 civitatem

303 3664 391 3720 sum,
419 3663 520 3726 quum
544 3652 628 3709 esset
651 3647 683 3709 in
716 3665 753 3710 re
777 3648 908 3728 publica
932 3648 1064 3722 consul,
1100 3646 1250 3726 quitum
1276 3644 1350 3708 nul-

301 3781 352 3844 lus
387 3781 510 3844 fuerat:
547 3786 633 3844 esset
665 3785 814 3856 senatus,
854 3784 909 3862 qui
944 3788 1012 3846 tum
1045 3781 1227 3854 occiderat;
1267 3783 1351 3843 esset

300 3933 478 3980 consensus
505 3917 618 3999 populi
646 3916 756 3979 tiberi:
783 3922 867 3980 esset
893 3919 972 3982 iuris
996 3923 1028 3981 et
1055 3915 1236 3997 aequitatis,
1263 3913 1349 3994 rinae

300 4053 430 4118 vincula
454 4056 537 4115 sunt
570 4052 724 4127 civitatis
769 4055 906 4144 repetita
945 4051 1116 4116 memoria.
1179 4053 1229 4112 Ac
1264 4047 1349 4125 vide,

301 4206 399 4269 quam
433 4188 494 4255 ista
533 4161 579 4251 tui
613 4188 776 4251 latrocinii
810 4190 873 4252 tale
906 4189 1168 4272 contempserim.
1228 4187 1348 4249 laetam
