<?xml version="1.0" encoding="UTF-8"?>
<!DOCTYPE html PUBLIC "-//W3C//DTD XHTML 1.0 Transitional//EN"
    "http://www.w3.org/TR/xhtml1/DTD/xhtml1-transitional.dtd">
<html xmlns="http://www.w3.org/1999/xhtml" xml:lang="en" lang="en">
 <head>
  <title>
</title>
<meta http-equiv="Content-Type" content="text/html;charset=utf-8" />
  <meta name='ocr-system' content='tesseract 3.04.00' />
  <meta name='ocr-capabilities' content='ocr_page ocr_carea ocr_par ocr_line ocrx_word'/>
</head>
<body>
  <div class='ocr_page' id='page_1' title='image "./paradoxa01wyttgoog_0388.png"; bbox 0 0 3059 4925; ppageno 0'>
   <div class='ocr_carea' id='block_1_1' title="bbox 299 441 945 516">
    <p class='ocr_par' dir='ltr' id='par_1_1' title="bbox 299 441 945 516">
     <span class='ocr_line' id='line_1_1' title="bbox 299 441 945 516; baseline 0.002 -2"><span class='ocrx_word' id='word_1_1' title='bbox 299 441 399 515; x_wconf 83' lang='grc'>346.</span> <span class='ocrx_word' id='word_1_2' title='bbox 697 466 860 516; x_wconf 79' lang='lat' dir='ltr'>excursus</span> <span class='ocrx_word' id='word_1_3' title='bbox 888 468 945 515; x_wconf 85' lang='lat' dir='ltr'>vn.</span> 
     </span>
    </p>
   </div>
   <div class='ocr_carea' id='block_1_2' title="bbox 271 624 1356 791">
    <p class='ocr_par' dir='ltr' id='par_1_2' title="bbox 271 624 1356 791">
     <span class='ocr_line' id='line_1_2' title="bbox 305 624 1356 696; baseline 0.002 -15"><span class='ocrx_word' id='word_1_4' title='bbox 305 626 445 681; x_wconf 81' lang='lat' dir='ltr'>Ciceronis</span> <span class='ocrx_word' id='word_1_5' title='bbox 463 644 589 692; x_wconf 86' lang='lat' dir='ltr'>manum,</span> <span class='ocrx_word' id='word_1_6' title='bbox 618 624 663 696; x_wconf 91' lang='lat' dir='ltr'>qui</span> <span class='ocrx_word' id='word_1_7' title='bbox 688 635 748 695; x_wconf 89' lang='lat' dir='ltr'>post</span> <span class='ocrx_word' id='word_1_8' title='bbox 759 628 840 694; x_wconf 72' lang='lat' dir='ltr'>ferro</span> <span class='ocrx_word' id='word_1_9' title='bbox 864 626 953 695; x_wconf 82' lang='lat' dir='ltr'>pulsis</span> <span class='ocrx_word' id='word_1_10' title='bbox 980 625 1186 696; x_wconf 75' lang='lat' dir='ltr'>magistratibus</span> <span class='ocrx_word' id='word_1_11' title='bbox 1213 628 1356 683; x_wconf 73' lang='lat' dir='ltr'>additurus</span> 
     </span>
     <span class='ocr_line' id='line_1_3' title="bbox 271 712 1354 791; baseline 0.005 -26"><span class='ocrx_word' id='word_1_12' title='bbox 271 788 272 791; x_wconf 7' lang='grc' dir='ltr'><strong>Ἴ</strong></span> <span class='ocrx_word' id='word_1_13' title='bbox 299 713 408 767; x_wconf 81' lang='lat' dir='ltr'>sortasse</span> <span class='ocrx_word' id='word_1_14' title='bbox 426 712 531 765; x_wconf 85' lang='lat' dir='ltr'>fuisset:</span> <span class='ocrx_word' id='word_1_15' title='bbox 550 722 662 764; x_wconf 81' lang='lat' dir='ltr'>senatus</span> <span class='ocrx_word' id='word_1_16' title='bbox 681 731 719 763; x_wconf 86' lang='lat' dir='ltr'>ne</span> <span class='ocrx_word' id='word_1_17' title='bbox 739 730 831 763; x_wconf 76' lang='lat' dir='ltr'>nornen</span> <span class='ocrx_word' id='word_1_18' title='bbox 849 713 982 783; x_wconf 82' lang='lat' dir='ltr'>quidem</span> <span class='ocrx_word' id='word_1_19' title='bbox 999 713 1029 765; x_wconf 84' lang='lat' dir='ltr'>in</span> <span class='ocrx_word' id='word_1_20' title='bbox 1047 733 1075 766; x_wconf 87' lang='lat' dir='ltr'>re</span> <span class='ocrx_word' id='word_1_21' title='bbox 1092 714 1202 784; x_wconf 80' lang='lat' dir='ltr'>publicu</span> <span class='ocrx_word' id='word_1_22' title='bbox 1219 728 1292 780; x_wconf 82' lang='lat' dir='ltr'>erat,</span> <span class='ocrx_word' id='word_1_23' title='bbox 1311 716 1354 770; x_wconf 81' lang='lat' dir='ltr'>eei</span> 
     </span>
    </p>
   </div>
   <div class='ocr_carea' id='block_1_3' title="bbox 297 798 1354 1312">
    <p class='ocr_par' dir='ltr' id='par_1_3' title="bbox 297 798 1354 1312">
     <span class='ocr_line' id='line_1_4' title="bbox 298 798 1354 869; baseline 0.002 -14"><span class='ocrx_word' id='word_1_24' title='bbox 298 811 411 855; x_wconf 82' lang='lat' dir='ltr'>senatus</span> <span class='ocrx_word' id='word_1_25' title='bbox 430 800 486 852; x_wconf 80' lang='lat' dir='ltr'>vix</span> <span class='ocrx_word' id='word_1_26' title='bbox 504 818 597 851; x_wconf 79' lang='lat' dir='ltr'>nomen</span> <span class='ocrx_word' id='word_1_27' title='bbox 613 799 642 851; x_wconf 82' lang='lat' dir='ltr'>in</span> <span class='ocrx_word' id='word_1_28' title='bbox 660 818 688 852; x_wconf 86' lang='lat' dir='ltr'>re</span> <span class='ocrx_word' id='word_1_29' title='bbox 693 798 814 869; x_wconf 50' lang='lat' dir='ltr'>publica</span> <span class='ocrx_word' id='word_1_30' title='bbox 832 810 902 854; x_wconf 76' lang='lat' dir='ltr'>erot-</span> <span class='ocrx_word' id='word_1_31' title='bbox 944 800 1052 869; x_wconf 80' lang='lat' dir='ltr'>Quare,</span> <span class='ocrx_word' id='word_1_32' title='bbox 1081 801 1103 856; x_wconf 85' lang='lat' dir='ltr'>si</span> <span class='ocrx_word' id='word_1_33' title='bbox 1128 803 1261 857; x_wconf 88' lang='lat' dir='ltr'>coniicere</span> <span class='ocrx_word' id='word_1_34' title='bbox 1281 804 1354 869; x_wconf 86' lang='lat' dir='ltr'>iicet,</span> 
     </span>
     <span class='ocr_line' id='line_1_5' title="bbox 298 886 1354 961; baseline 0.002 -19"><span class='ocrx_word' id='word_1_35' title='bbox 298 889 480 943; x_wconf 86' lang='lat' dir='ltr'>coniecturam</span> <span class='ocrx_word' id='word_1_36' title='bbox 498 886 627 941; x_wconf 82' lang='lat' dir='ltr'>faciamus</span> <span class='ocrx_word' id='word_1_37' title='bbox 644 905 725 959; x_wconf 83' lang='lat' dir='ltr'>quern</span> <span class='ocrx_word' id='word_1_38' title='bbox 745 888 887 942; x_wconf 89' lang='lat' dir='ltr'>minimum</span> <span class='ocrx_word' id='word_1_39' title='bbox 904 906 919 940; x_wconf 86' lang='lat' dir='ltr'>a</span> <span class='ocrx_word' id='word_1_40' title='bbox 937 888 1069 961; x_wconf 69' lang='lat' dir='ltr'>librorum</span> <span class='ocrx_word' id='word_1_41' title='bbox 1089 888 1204 944; x_wconf 85' lang='lat' dir='ltr'>lectione</span> <span class='ocrx_word' id='word_1_42' title='bbox 1223 891 1354 946; x_wconf 87' lang='lat' dir='ltr'>receden-</span> 
     </span>
     <span class='ocr_line' id='line_1_6' title="bbox 297 974 1352 1049; baseline 0.005 -20"><span class='ocrx_word' id='word_1_43' title='bbox 297 989 366 1039; x_wconf 90' lang='lat' dir='ltr'>tem,</span> <span class='ocrx_word' id='word_1_44' title='bbox 384 976 427 1029; x_wconf 89' lang='lat' dir='ltr'>cui</span> <span class='ocrx_word' id='word_1_45' title='bbox 448 974 555 1046; x_wconf 90' lang='lat' dir='ltr'>quidem</span> <span class='ocrx_word' id='word_1_46' title='bbox 575 993 630 1028; x_wconf 88' lang='lat' dir='ltr'>non</span> <span class='ocrx_word' id='word_1_47' title='bbox 651 974 797 1029; x_wconf 80' lang='lat' dir='ltr'><strong>admodum</strong></span> <span class='ocrx_word' id='word_1_48' title='bbox 817 986 1012 1049; x_wconf 87' lang='lat' dir='ltr'>pepercerunt,</span> <span class='ocrx_word' id='word_1_49' title='bbox 1031 977 1077 1048; x_wconf 91' lang='lat' dir='ltr'>qui</span> <span class='ocrx_word' id='word_1_50' title='bbox 1096 976 1186 1032; x_wconf 88' lang='lat' dir='ltr'>iocum</span> <span class='ocrx_word' id='word_1_51' title='bbox 1206 980 1352 1033; x_wconf 74' lang='lat' dir='ltr'>emendare</span> 
     </span>
     <span class='ocr_line' id='line_1_7' title="bbox 298 1061 1353 1136; baseline 0.003 -17"><span class='ocrx_word' id='word_1_52' title='bbox 298 1064 413 1136; x_wconf 69' lang='lat' dir='ltr'>aggressi</span> <span class='ocrx_word' id='word_1_53' title='bbox 430 1073 501 1117; x_wconf 87' lang='lat' dir='ltr'>sunt.</span> <span class='ocrx_word' id='word_1_54' title='bbox 538 1061 612 1130; x_wconf 87' lang='lat' dir='ltr'>Quid</span> <span class='ocrx_word' id='word_1_55' title='bbox 631 1082 692 1116; x_wconf 81' lang='lat' dir='ltr'>vero</span> <span class='ocrx_word' id='word_1_56' title='bbox 710 1062 814 1118; x_wconf 77' lang='lat' dir='ltr'>facilius</span> <span class='ocrx_word' id='word_1_57' title='bbox 837 1063 895 1116; x_wconf 83' lang='lat' dir='ltr'>fieri</span> <span class='ocrx_word' id='word_1_58' title='bbox 922 1063 1022 1135; x_wconf 85' lang='lat' dir='ltr'>potuit,</span> <span class='ocrx_word' id='word_1_59' title='bbox 1049 1082 1130 1135; x_wconf 88' lang='lat' dir='ltr'>quarn</span> <span class='ocrx_word' id='word_1_60' title='bbox 1158 1076 1188 1119; x_wconf 92' lang='lat' dir='ltr'>ut</span> <span class='ocrx_word' id='word_1_61' title='bbox 1211 1077 1273 1119; x_wconf 85' lang='lat' dir='ltr'>ante</span> <span class='ocrx_word' id='word_1_62' title='bbox 1297 1066 1353 1122; x_wconf 89' lang='grc' dir='ltr'>ΝΟ</span> 
     </span>
     <span class='ocr_line' id='line_1_8' title="bbox 299 1140 1353 1222; baseline 0 -16"><span class='ocrx_word' id='word_1_63' title='bbox 299 1153 430 1207; x_wconf 76' lang='lat' dir='ltr'>excideret</span> <span class='ocrx_word' id='word_1_64' title='bbox 447 1140 500 1206; x_wconf 72' lang='lat' dir='ltr'>Ni?</span> <span class='ocrx_word' id='word_1_65' title='bbox 531 1149 623 1218; x_wconf 90' lang='lat' dir='ltr'>Quare</span> <span class='ocrx_word' id='word_1_66' title='bbox 637 1151 814 1205; x_wconf 82' lang='lat' dir='ltr'>coniecerim:</span> <span class='ocrx_word' id='word_1_67' title='bbox 832 1161 945 1203; x_wconf 82' lang='lat' dir='ltr'>senatus</span> <span class='ocrx_word' id='word_1_68' title='bbox 963 1151 1035 1203; x_wconf 84' lang='lat' dir='ltr'>nisi</span> <span class='ocrx_word' id='word_1_69' title='bbox 1051 1170 1145 1204; x_wconf 83' lang='lat' dir='ltr'>nomen</span> <span class='ocrx_word' id='word_1_70' title='bbox 1158 1153 1186 1205; x_wconf 82' lang='lat' dir='ltr'>in</span> <span class='ocrx_word' id='word_1_71' title='bbox 1197 1171 1225 1204; x_wconf 87' lang='lat' dir='ltr'>re</span> <span class='ocrx_word' id='word_1_72' title='bbox 1241 1152 1353 1222; x_wconf 77' lang='lat' dir='ltr'>publica</span> 
     </span>
     <span class='ocr_line' id='line_1_9' title="bbox 299 1238 1353 1312; baseline 0.002 -20"><span class='ocrx_word' id='word_1_73' title='bbox 299 1259 364 1293; x_wconf 74' lang='lat' dir='ltr'>eron</span> <span class='ocrx_word' id='word_1_74' title='bbox 381 1250 459 1291; x_wconf 82' lang='lat' dir='ltr'>erat.-</span> <span class='ocrx_word' id='word_1_75' title='bbox 487 1239 555 1308; x_wconf 90' lang='lat' dir='ltr'>[nou</span> <span class='ocrx_word' id='word_1_76' title='bbox 574 1238 649 1305; x_wconf 89' lang='lat' dir='ltr'>dico,</span> <span class='ocrx_word' id='word_1_77' title='bbox 675 1239 816 1291; x_wconf 81' lang='lat' dir='ltr'>nonnisi</span> <span class='ocrx_word' id='word_1_78' title='bbox 839 1257 948 1304; x_wconf 84' lang='lat' dir='ltr'>nomen,</span> <span class='ocrx_word' id='word_1_79' title='bbox 979 1257 1048 1310; x_wconf 81' lang='lat' dir='ltr'>quae</span> <span class='ocrx_word' id='word_1_80' title='bbox 1073 1251 1131 1294; x_wconf 85' lang='lat' dir='ltr'>erat</span> <span class='ocrx_word' id='word_1_81' title='bbox 1148 1240 1353 1312; x_wconf 84' lang='lat' dir='ltr'>Wyttenbacbii</span> 
     </span>
    </p>
   </div>
   <div class='ocr_carea' id='block_1_4' title="bbox 209 1325 1353 1399">
    <p class='ocr_par' dir='ltr' id='par_1_4' title="bbox 209 1325 1353 1399">
     <span class='ocr_line' id='line_1_10' title="bbox 209 1325 1353 1399; baseline 0.003 -18"><span class='ocrx_word' id='word_1_82' title='bbox 209 1355 210 1358; x_wconf 39' lang='lat'>¹</span> <span class='ocrx_word' id='word_1_83' title='bbox 298 1327 379 1381; x_wconf 87' lang='lat' dir='ltr'>aitera</span> <span class='ocrx_word' id='word_1_84' title='bbox 398 1325 565 1380; x_wconf 77' lang='lat' dir='ltr'>coniectura:</span> <span class='ocrx_word' id='word_1_85' title='bbox 591 1345 653 1379; x_wconf 86' lang='lat' dir='ltr'>nam</span> <span class='ocrx_word' id='word_1_86' title='bbox 671 1326 707 1380; x_wconf 89' lang='lat' dir='ltr'>ita</span> <span class='ocrx_word' id='word_1_87' title='bbox 725 1346 782 1380; x_wconf 87' lang='lat' dir='ltr'>nou</span> <span class='ocrx_word' id='word_1_88' title='bbox 800 1326 906 1381; x_wconf 83' lang='lat' dir='ltr'>locutus</span> <span class='ocrx_word' id='word_1_89' title='bbox 922 1337 961 1380; x_wconf 88' lang='lat' dir='ltr'>est</span> <span class='ocrx_word' id='word_1_90' title='bbox 977 1326 1101 1394; x_wconf 70' lang='lat' dir='ltr'>Ciceros]</span> <span class='ocrx_word' id='word_1_91' title='bbox 1129 1327 1162 1381; x_wconf 84' lang='lat' dir='ltr'>Et</span> <span class='ocrx_word' id='word_1_92' title='bbox 1186 1330 1221 1383; x_wconf 78' lang='lat' dir='ltr'>ita</span> <span class='ocrx_word' id='word_1_93' title='bbox 1245 1328 1353 1399; x_wconf 81' lang='lat' dir='ltr'>aliquo·</span> 
     </span>
    </p>
   </div>
   <div class='ocr_carea' id='block_1_5' title="bbox 292 1411 1358 4121">
    <p class='ocr_par' dir='ltr' id='par_1_5' title="bbox 292 1411 1358 4121">
     <span class='ocr_line' id='line_1_11' title="bbox 300 1411 1354 1482; baseline 0.002 -16"><span class='ocrx_word' id='word_1_94' title='bbox 300 1412 360 1467; x_wconf 84' lang='lat' dir='ltr'>ties:</span> <span class='ocrx_word' id='word_1_95' title='bbox 379 1413 412 1465; x_wconf 90' lang='lat' dir='ltr'>de</span> <span class='ocrx_word' id='word_1_96' title='bbox 429 1411 518 1479; x_wconf 77' lang='lat' dir='ltr'>Amic.</span> <span class='ocrx_word' id='word_1_97' title='bbox 538 1414 571 1479; x_wconf 94' lang='lat' dir='ltr'>V,</span> <span class='ocrx_word' id='word_1_98' title='bbox 593 1416 640 1466; x_wconf 75' lang='lat' dir='ltr'>tu:</span> <span class='ocrx_word' id='word_1_99' title='bbox 668 1413 716 1465; x_wconf 86' lang='lat' dir='ltr'>sed</span> <span class='ocrx_word' id='word_1_100' title='bbox 733 1413 783 1465; x_wconf 73' lang='lat' dir='ltr'>laec</span> <span class='ocrx_word' id='word_1_101' title='bbox 797 1413 914 1482; x_wconf 86' lang='lat' dir='ltr'>primum</span> <span class='ocrx_word' id='word_1_102' title='bbox 932 1414 1032 1478; x_wconf 83' lang='lat' dir='ltr'>sentio,</span> <span class='ocrx_word' id='word_1_103' title='bbox 1056 1415 1126 1467; x_wconf 83' lang='lat' dir='ltr'>nisi</span> <span class='ocrx_word' id='word_1_104' title='bbox 1144 1416 1172 1466; x_wconf 87' lang='lat' dir='ltr'>in</span> <span class='ocrx_word' id='word_1_105' title='bbox 1191 1415 1266 1469; x_wconf 78' lang='lat' dir='ltr'>bonis</span> <span class='ocrx_word' id='word_1_106' title='bbox 1283 1418 1354 1468; x_wconf 85' lang='lat' dir='ltr'>umi-</span> 
     </span>
     <span class='ocr_line' id='line_1_12' title="bbox 300 1501 1353 1572; baseline 0.002 -19"><span class='ocrx_word' id='word_1_107' title='bbox 300 1501 392 1553; x_wconf 81' lang='lat' dir='ltr'>citiam</span> <span class='ocrx_word' id='word_1_108' title='bbox 410 1518 466 1553; x_wconf 83' lang='lat' dir='ltr'>esse</span> <span class='ocrx_word' id='word_1_109' title='bbox 483 1519 547 1553; x_wconf 86' lang='lat' dir='ltr'>non</span> <span class='ocrx_word' id='word_1_110' title='bbox 569 1519 664 1570; x_wconf 69' lang='lat' dir='ltr'>poem</span> <span class='ocrx_word' id='word_1_111' title='bbox 691 1501 760 1567; x_wconf 84' lang='lat' dir='ltr'>Vssi,</span> <span class='ocrx_word' id='word_1_112' title='bbox 781 1505 829 1557; x_wconf 80' lang='lat'>28:</span> <span class='ocrx_word' id='word_1_113' title='bbox 856 1519 926 1572; x_wconf 83' lang='lat' dir='ltr'>quoe</span> <span class='ocrx_word' id='word_1_114' title='bbox 949 1501 1071 1571; x_wconf 85' lang='lat' dir='ltr'>(caritas)</span> <span class='ocrx_word' id='word_1_115' title='bbox 1095 1502 1184 1556; x_wconf 71' lang='lat' dir='ltr'>dirimi</span> <span class='ocrx_word' id='word_1_116' title='bbox 1207 1504 1279 1555; x_wconf 83' lang='lat' dir='ltr'>nisi</span> <span class='ocrx_word' id='word_1_117' title='bbox 1305 1503 1353 1555; x_wconf 80' lang='lat' dir='ltr'>de-</span> 
     </span>
     <span class='ocr_line' id='line_1_13' title="bbox 300 1588 1355 1661; baseline 0.001 -20"><span class='ocrx_word' id='word_1_118' title='bbox 300 1588 421 1641; x_wconf 81' lang='lat' dir='ltr'>testabili</span> <span class='ocrx_word' id='word_1_119' title='bbox 438 1588 533 1641; x_wconf 84' lang='lat' dir='ltr'>scelere</span> <span class='ocrx_word' id='word_1_120' title='bbox 551 1606 615 1641; x_wconf 84' lang='lat' dir='ltr'>non</span> <span class='ocrx_word' id='word_1_121' title='bbox 634 1598 734 1660; x_wconf 85' lang='lat' dir='ltr'>potest;</span> <span class='ocrx_word' id='word_1_122' title='bbox 757 1589 790 1643; x_wconf 92' lang='lat' dir='ltr'>ad</span> <span class='ocrx_word' id='word_1_123' title='bbox 816 1588 852 1657; x_wconf 86' lang='lat' dir='ltr'>Q.</span> <span class='ocrx_word' id='word_1_124' title='bbox 871 1588 958 1644; x_wconf 82' lang='lat' dir='ltr'>Fratr.</span> <span class='ocrx_word' id='word_1_125' title='bbox 977 1588 1022 1655; x_wconf 89' lang='grc' dir='ltr'>ΙΙΙ,</span> <span class='ocrx_word' id='word_1_126' title='bbox 1040 1594 1067 1657; x_wconf 79' lang='grc'>4,</span> <span class='ocrx_word' id='word_1_127' title='bbox 1086 1593 1118 1645; x_wconf 75' lang='lat' dir='ltr'>d:</span> <span class='ocrx_word' id='word_1_128' title='bbox 1145 1608 1269 1661; x_wconf 81' lang='lat' dir='ltr'>quoe-</span> <span class='ocrx_word' id='word_1_129' title='bbox 1287 1609 1355 1643; x_wconf 84' lang='lat' dir='ltr'>con-</span> 
     </span>
     <span class='ocr_line' id='line_1_14' title="bbox 294 1676 1355 1748; baseline 0.003 -21"><span class='ocrx_word' id='word_1_130' title='bbox 294 1677 347 1746; x_wconf 79' lang='lat' dir='ltr'>fici</span> <span class='ocrx_word' id='word_1_131' title='bbox 364 1677 438 1730; x_wconf 86' lang='lat' dir='ltr'>nisi</span> <span class='ocrx_word' id='word_1_132' title='bbox 454 1694 503 1746; x_wconf 86' lang='lat' dir='ltr'>per</span> <span class='ocrx_word' id='word_1_133' title='bbox 520 1676 650 1730; x_wconf 77' lang='lat' dir='ltr'>bominem</span> <span class='ocrx_word' id='word_1_134' title='bbox 668 1706 704 1718; x_wconf 92' lang='lat'>—</span> <span class='ocrx_word' id='word_1_135' title='bbox 719 1679 839 1747; x_wconf 84' lang='lat' dir='ltr'>peritum</span> <span class='ocrx_word' id='word_1_136' title='bbox 858 1705 891 1718; x_wconf 91' lang='lat'>-</span> <span class='ocrx_word' id='word_1_137' title='bbox 913 1696 981 1729; x_wconf 84' lang='lat' dir='ltr'>non</span> <span class='ocrx_word' id='word_1_138' title='bbox 1001 1680 1144 1747; x_wconf 81' lang='lat' dir='ltr'>possunt.“</span> <span class='ocrx_word' id='word_1_139' title='bbox 1180 1677 1242 1731; x_wconf 81' lang='lat' dir='ltr'>Vid.</span> <span class='ocrx_word' id='word_1_140' title='bbox 1270 1676 1355 1748; x_wconf 83' lang='lat' dir='ltr'>Sym·</span> 
     </span>
     <span class='ocr_line' id='line_1_15' title="bbox 299 1763 1354 1835; baseline -0.003 -16"><span class='ocrx_word' id='word_1_141' title='bbox 299 1765 355 1819; x_wconf 86' lang='lat' dir='ltr'>boi.</span> <span class='ocrx_word' id='word_1_142' title='bbox 372 1776 454 1820; x_wconf 81' lang='lat' dir='ltr'>nostr.</span> <span class='ocrx_word' id='word_1_143' title='bbox 473 1763 540 1818; x_wconf 84' lang='lat' dir='ltr'>Crit.</span> <span class='ocrx_word' id='word_1_144' title='bbox 557 1764 589 1830; x_wconf 86' lang='lat' dir='ltr'>ii,</span> <span class='ocrx_word' id='word_1_145' title='bbox 608 1769 633 1818; x_wconf 80' lang='grc'>2.</span> <span class='ocrx_word' id='word_1_146' title='bbox 653 1784 678 1835; x_wconf 95' lang='lat' dir='ltr'>p.</span> <span class='ocrx_word' id='word_1_147' title='bbox 696 1769 722 1819; x_wconf 76' lang='grc'>5.</span> <span class='ocrx_word' id='word_1_148' title='bbox 748 1764 871 1834; x_wconf 88' lang='lat' dir='ltr'>(Ulmae,</span> <span class='ocrx_word' id='word_1_149' title='bbox 891 1766 971 1818; x_wconf 82' lang='lat'><strong>1828.</strong></span> <span class='ocrx_word' id='word_1_150' title='bbox 990 1766 1031 1832; x_wconf 85' lang='lat'>4.)</span> <span class='ocrx_word' id='word_1_151' title='bbox 1077 1764 1133 1833; x_wconf 84' lang='lat' dir='ltr'>Qui</span> <span class='ocrx_word' id='word_1_152' title='bbox 1159 1765 1254 1817; x_wconf 86' lang='lat' dir='ltr'>eodem</span> <span class='ocrx_word' id='word_1_153' title='bbox 1278 1781 1354 1818; x_wconf 86' lang='lat' dir='ltr'>anuo</span> 
     </span>
     <span class='ocr_line' id='line_1_16' title="bbox 300 1849 1356 1925; baseline -0.003 -20"><span class='ocrx_word' id='word_1_154' title='bbox 300 1855 329 1907; x_wconf 90' lang='lat' dir='ltr'>in</span> <span class='ocrx_word' id='word_1_155' title='bbox 348 1854 398 1907; x_wconf 88' lang='lat' dir='ltr'>Ed.</span> <span class='ocrx_word' id='word_1_156' title='bbox 411 1852 485 1925; x_wconf 88' lang='lat' dir='ltr'>Opp.</span> <span class='ocrx_word' id='word_1_157' title='bbox 498 1851 555 1906; x_wconf 83' lang='lat' dir='ltr'>Cic.</span> <span class='ocrx_word' id='word_1_158' title='bbox 573 1852 639 1905; x_wconf 83' lang='lat' dir='ltr'>boec</span> <span class='ocrx_word' id='word_1_159' title='bbox 657 1851 793 1905; x_wconf 76' lang='lat' dir='ltr'>Paradoxa</span> <span class='ocrx_word' id='word_1_160' title='bbox 813 1851 896 1904; x_wconf 89' lang='lat' dir='ltr'>edidit</span> <span class='ocrx_word' id='word_1_161' title='bbox 910 1849 975 1916; x_wconf 88' lang='lat' dir='ltr'>0r.,</span> <span class='ocrx_word' id='word_1_162' title='bbox 995 1850 1058 1904; x_wconf 87' lang='lat' dir='ltr'>uibii</span> <span class='ocrx_word' id='word_1_163' title='bbox 1077 1852 1132 1922; x_wconf 86' lang='lat' dir='ltr'>ipse</span> <span class='ocrx_word' id='word_1_164' title='bbox 1151 1851 1267 1916; x_wconf 82' lang='lat' dir='ltr'>tentavit,</span> <span class='ocrx_word' id='word_1_165' title='bbox 1285 1850 1356 1902; x_wconf 85' lang='lat' dir='ltr'>aiio·</span> 
     </span>
     <span class='ocr_line' id='line_1_17' title="bbox 301 1938 1354 2011; baseline -0.005 -16"><span class='ocrx_word' id='word_1_166' title='bbox 301 1961 363 1995; x_wconf 88' lang='lat' dir='ltr'>rum</span> <span class='ocrx_word' id='word_1_167' title='bbox 379 1942 474 2007; x_wconf 90' lang='lat' dir='ltr'>modo,</span> <span class='ocrx_word' id='word_1_168' title='bbox 493 1940 615 2005; x_wconf 81' lang='lat' dir='ltr'>Graevii,</span> <span class='ocrx_word' id='word_1_169' title='bbox 633 1940 785 2011; x_wconf 75' lang='lat' dir='ltr'>Borgersii,</span> <span class='ocrx_word' id='word_1_170' title='bbox 804 1938 999 2010; x_wconf 70' lang='lat' dir='ltr'>Peerlkampii,</span> <span class='ocrx_word' id='word_1_171' title='bbox 1019 1950 1045 1994; x_wconf 91' lang='lat' dir='ltr'>et</span> <span class='ocrx_word' id='word_1_172' title='bbox 1064 1939 1092 1991; x_wconf 89' lang='lat' dir='ltr'>in</span> <span class='ocrx_word' id='word_1_173' title='bbox 1105 1938 1240 1992; x_wconf 77' lang='lat' dir='ltr'>Anaiectis</span> <span class='ocrx_word' id='word_1_174' title='bbox 1258 1940 1354 2009; x_wconf 62' lang='lat' dir='ltr'>petto.</span> 
     </span>
     <span class='ocr_line' id='line_1_18' title="bbox 301 2025 1354 2097; baseline -0.007 -14"><span class='ocrx_word' id='word_1_175' title='bbox 301 2042 418 2084; x_wconf 86' lang='lat' dir='ltr'>nostram</span> <span class='ocrx_word' id='word_1_176' title='bbox 437 2029 614 2094; x_wconf 77' lang='lat' dir='ltr'>enumeravit,</span> <span class='ocrx_word' id='word_1_177' title='bbox 640 2027 714 2081; x_wconf 84' lang='lat' dir='ltr'>nulio</span> <span class='ocrx_word' id='word_1_178' title='bbox 739 2028 796 2080; x_wconf 80' lang='lat' dir='ltr'>fere</span> <span class='ocrx_word' id='word_1_179' title='bbox 824 2028 915 2080; x_wconf 90' lang='lat' dir='ltr'>addito</span> <span class='ocrx_word' id='word_1_180' title='bbox 933 2026 1047 2092; x_wconf 91' lang='lat' dir='ltr'>iudicio,</span> <span class='ocrx_word' id='word_1_181' title='bbox 1074 2025 1124 2080; x_wconf 86' lang='lat' dir='ltr'>nisi</span> <span class='ocrx_word' id='word_1_182' title='bbox 1149 2026 1222 2097; x_wconf 93' lang='lat' dir='ltr'>quod</span> <span class='ocrx_word' id='word_1_183' title='bbox 1251 2025 1354 2077; x_wconf 86' lang='lat' dir='ltr'>bonam</span> 
     </span>
     <span class='ocr_line' id='line_1_19' title="bbox 302 2113 1355 2187; baseline -0.005 -18"><span class='ocrx_word' id='word_1_184' title='bbox 302 2115 443 2187; x_wconf 76' lang='lat' dir='ltr'>appellavit</span> <span class='ocrx_word' id='word_1_185' title='bbox 460 2115 594 2186; x_wconf 75' lang='lat' dir='ltr'>Borgersii</span> <span class='ocrx_word' id='word_1_186' title='bbox 612 2115 809 2186; x_wconf 85' lang='lat' dir='ltr'>suspicionem,</span> <span class='ocrx_word' id='word_1_187' title='bbox 839 2115 966 2168; x_wconf 86' lang='lat' dir='ltr'>nimirum</span> <span class='ocrx_word' id='word_1_188' title='bbox 985 2115 1006 2168; x_wconf 88' lang='lat' dir='ltr'>si</span> <span class='ocrx_word' id='word_1_189' title='bbox 1033 2114 1068 2168; x_wconf 89' lang='lat' dir='ltr'>ita</span> <span class='ocrx_word' id='word_1_190' title='bbox 1087 2113 1203 2169; x_wconf 79' lang='lat' dir='ltr'>coiiocea</span> <span class='ocrx_word' id='word_1_191' title='bbox 1219 2113 1298 2170; x_wconf 78' lang='lat' dir='ltr'>rerba</span> <span class='ocrx_word' id='word_1_192' title='bbox 1318 2132 1355 2165; x_wconf 83' lang='lat' dir='ltr'>re</span> 
     </span>
     <span class='ocr_line' id='line_1_20' title="bbox 301 2200 1355 2274; baseline -0.005 -17"><span class='ocrx_word' id='word_1_193' title='bbox 301 2224 367 2257; x_wconf 81' lang='lat' dir='ltr'>non</span> <span class='ocrx_word' id='word_1_194' title='bbox 383 2214 445 2255; x_wconf 83' lang='lat' dir='ltr'>erat</span> <span class='ocrx_word' id='word_1_195' title='bbox 463 2206 527 2274; x_wconf 90' lang='lat' dir='ltr'>(pro</span> <span class='ocrx_word' id='word_1_196' title='bbox 543 2222 608 2255; x_wconf 84' lang='lat' dir='ltr'>non</span> <span class='ocrx_word' id='word_1_197' title='bbox 625 2221 659 2256; x_wconf 82' lang='lat' dir='ltr'>re</span> <span class='ocrx_word' id='word_1_198' title='bbox 676 2209 768 2269; x_wconf 86' lang='lat' dir='ltr'>erat).·</span> <span class='ocrx_word' id='word_1_199' title='bbox 787 2205 822 2258; x_wconf 88' lang='lat' dir='ltr'>ita</span> <span class='ocrx_word' id='word_1_200' title='bbox 841 2216 946 2269; x_wconf 82' lang='lat' dir='ltr'>tamen,</span> <span class='ocrx_word' id='word_1_201' title='bbox 966 2213 995 2256; x_wconf 93' lang='lat' dir='ltr'>ut</span> <span class='ocrx_word' id='word_1_202' title='bbox 1012 2202 1039 2255; x_wconf 87' lang='lat' dir='ltr'>in</span> <span class='ocrx_word' id='word_1_203' title='bbox 1058 2202 1189 2255; x_wconf 87' lang='lat' dir='ltr'>librorum</span> <span class='ocrx_word' id='word_1_204' title='bbox 1207 2200 1355 2271; x_wconf 69' lang='lat' dir='ltr'>scriptione</span> 
     </span>
     <span class='ocr_line' id='line_1_21' title="bbox 302 2288 1354 2362; baseline 0.002 -20"><span class='ocrx_word' id='word_1_205' title='bbox 302 2292 421 2346; x_wconf 78' lang='lat' dir='ltr'>videatur</span> <span class='ocrx_word' id='word_1_206' title='bbox 444 2291 621 2362; x_wconf 77' lang='lat' dir='ltr'>acquiescere.</span> <span class='ocrx_word' id='word_1_207' title='bbox 667 2289 723 2358; x_wconf 87' lang='lat' dir='ltr'>Qui</span> <span class='ocrx_word' id='word_1_208' title='bbox 751 2291 892 2344; x_wconf 79' lang='lat' dir='ltr'>novissime</span> <span class='ocrx_word' id='word_1_209' title='bbox 917 2290 1008 2345; x_wconf 88' lang='lat' dir='ltr'>iocum</span> <span class='ocrx_word' id='word_1_210' title='bbox 1037 2300 1157 2344; x_wconf 87' lang='lat' dir='ltr'>nostrum</span> <span class='ocrx_word' id='word_1_211' title='bbox 1184 2288 1303 2345; x_wconf 79' lang='lat' dir='ltr'>tractavit</span> <span class='ocrx_word' id='word_1_212' title='bbox 1318 2288 1354 2344; x_wconf 85' lang='lat' dir='ltr'>R.</span> 
     </span>
     <span class='ocr_line' id='line_1_22' title="bbox 302 2375 1354 2448; baseline -0.001 -18"><span class='ocrx_word' id='word_1_213' title='bbox 302 2378 538 2448; x_wconf 63' lang='lat' dir='ltr'>Ktoteius„(in</span> <span class='ocrx_word' id='word_1_214' title='bbox 557 2378 752 2447; x_wconf 66' lang='lat' dir='ltr'>Quaestionum</span> <span class='ocrx_word' id='word_1_215' title='bbox 771 2378 957 2432; x_wconf 81' lang='lat' dir='ltr'>Tullianarum</span> <span class='ocrx_word' id='word_1_216' title='bbox 985 2377 1055 2430; x_wconf 83' lang='lat' dir='ltr'>libro</span> <span class='ocrx_word' id='word_1_217' title='bbox 1073 2376 1178 2448; x_wconf 89' lang='lat' dir='ltr'>primo,</span> <span class='ocrx_word' id='word_1_218' title='bbox 1205 2375 1308 2446; x_wconf 83' lang='lat' dir='ltr'>Lipsiae</span> <span class='ocrx_word' id='word_1_219' title='bbox 1328 2395 1354 2429; x_wconf 80' lang='lat' dir='ltr'>a.</span> 
     </span>
     <span class='ocr_line' id='line_1_23' title="bbox 303 2462 1355 2539; baseline -0.005 -18"><span class='ocrx_word' id='word_1_220' title='bbox 303 2470 382 2524; x_wconf 74' lang='lat'><strong>183⁰.</strong></span> <span class='ocrx_word' id='word_1_221' title='bbox 400 2467 485 2522; x_wconf 83' lang='lat' dir='ltr'>edito:</span> <span class='ocrx_word' id='word_1_222' title='bbox 502 2488 529 2539; x_wconf 87' lang='lat' dir='ltr'>p.</span> <span class='ocrx_word' id='word_1_223' title='bbox 548 2469 601 2523; x_wconf 77' lang='grc'>132</span> <span class='ocrx_word' id='word_1_224' title='bbox 619 2467 673 2538; x_wconf 87' lang='lat' dir='ltr'>sq.)</span> <span class='ocrx_word' id='word_1_225' title='bbox 690 2467 726 2522; x_wconf 85' lang='lat' dir='ltr'>ita</span> <span class='ocrx_word' id='word_1_226' title='bbox 745 2467 898 2539; x_wconf 84' lang='lat' dir='ltr'>disputavit,</span> <span class='ocrx_word' id='word_1_227' title='bbox 917 2478 946 2520; x_wconf 94' lang='lat' dir='ltr'>ut</span> <span class='ocrx_word' id='word_1_228' title='bbox 966 2466 1083 2539; x_wconf 85' lang='lat' dir='ltr'>primum</span> <span class='ocrx_word' id='word_1_229' title='bbox 1101 2466 1215 2531; x_wconf 86' lang='lat' dir='ltr'>diceret,</span> <span class='ocrx_word' id='word_1_230' title='bbox 1241 2465 1262 2517; x_wconf 89' lang='lat' dir='ltr'>si</span> <span class='ocrx_word' id='word_1_231' title='bbox 1284 2462 1355 2516; x_wconf 88' lang='lat' dir='ltr'>Bor-</span> 
     </span>
     <span class='ocr_line' id='line_1_24' title="bbox 303 2554 1356 2631; baseline -0.003 -19"><span class='ocrx_word' id='word_1_232' title='bbox 303 2558 381 2631; x_wconf 82' lang='lat' dir='ltr'>gersii</span> <span class='ocrx_word' id='word_1_233' title='bbox 400 2556 581 2610; x_wconf 84' lang='lat' dir='ltr'>coniecturam</span> <span class='ocrx_word' id='word_1_234' title='bbox 607 2556 720 2627; x_wconf 88' lang='lat' dir='ltr'>probes,</span> <span class='ocrx_word' id='word_1_235' title='bbox 748 2575 811 2610; x_wconf 93' lang='lat' dir='ltr'>cum</span> <span class='ocrx_word' id='word_1_236' title='bbox 830 2554 934 2609; x_wconf 86' lang='lat' dir='ltr'>Oreilio</span> <span class='ocrx_word' id='word_1_237' title='bbox 952 2555 1129 2611; x_wconf 83' lang='lat' dir='ltr'>necessarium</span> <span class='ocrx_word' id='word_1_238' title='bbox 1154 2573 1208 2608; x_wconf 86' lang='lat' dir='ltr'>esse</span> <span class='ocrx_word' id='word_1_239' title='bbox 1236 2554 1356 2610; x_wconf 85' lang='lat' dir='ltr'>scribere</span> 
     </span>
     <span class='ocr_line' id='line_1_25' title="bbox 303 2641 1355 2714; baseline 0 -18"><span class='ocrx_word' id='word_1_240' title='bbox 303 2664 331 2696; x_wconf 83' lang='lat' dir='ltr'>re</span> <span class='ocrx_word' id='word_1_241' title='bbox 350 2664 403 2695; x_wconf 84' lang='lat' dir='ltr'>non</span> <span class='ocrx_word' id='word_1_242' title='bbox 419 2654 494 2695; x_wconf 82' lang='lat' dir='ltr'>erat:</span> <span class='ocrx_word' id='word_1_243' title='bbox 513 2642 612 2695; x_wconf 88' lang='lat' dir='ltr'>mirum</span> <span class='ocrx_word' id='word_1_244' title='bbox 637 2653 724 2696; x_wconf 86' lang='lat' dir='ltr'>tamen</span> <span class='ocrx_word' id='word_1_245' title='bbox 750 2642 800 2696; x_wconf 86' lang='lat' dir='ltr'>sibi</span> <span class='ocrx_word' id='word_1_246' title='bbox 819 2643 916 2709; x_wconf 82' lang='lat' dir='ltr'>videri,</span> <span class='ocrx_word' id='word_1_247' title='bbox 941 2662 971 2697; x_wconf 86' lang='lat' dir='ltr'>ea</span> <span class='ocrx_word' id='word_1_248' title='bbox 997 2644 1076 2696; x_wconf 83' lang='lat' dir='ltr'>verba</span> <span class='ocrx_word' id='word_1_249' title='bbox 1104 2641 1191 2696; x_wconf 87' lang='lat' dir='ltr'>habita</span> <span class='ocrx_word' id='word_1_250' title='bbox 1221 2662 1276 2694; x_wconf 84' lang='lat' dir='ltr'>esse</span> <span class='ocrx_word' id='word_1_251' title='bbox 1303 2662 1355 2714; x_wconf 89' lang='lat' dir='ltr'>pro</span> 
     </span>
     <span class='ocr_line' id='line_1_26' title="bbox 304 2716 1356 2802; baseline -0.001 -17"><span class='ocrx_word' id='word_1_252' title='bbox 304 2733 451 2801; x_wconf 87' lang='lat' dir='ltr'>corruptis,</span> <span class='ocrx_word' id='word_1_253' title='bbox 481 2748 550 2800; x_wconf 85' lang='lat' dir='ltr'>quae</span> <span class='ocrx_word' id='word_1_254' title='bbox 575 2748 609 2782; x_wconf 91' lang='lat' dir='ltr'>ne</span> <span class='ocrx_word' id='word_1_255' title='bbox 634 2731 751 2800; x_wconf 87' lang='lat' dir='ltr'>speciem</span> <span class='ocrx_word' id='word_1_256' title='bbox 784 2716 892 2801; x_wconf 83' lang='lat' dir='ltr'>quidem</span> <span class='ocrx_word' id='word_1_257' title='bbox 917 2750 982 2802; x_wconf 85' lang='lat' dir='ltr'>prae</span> <span class='ocrx_word' id='word_1_258' title='bbox 1008 2750 1036 2784; x_wconf 85' lang='lat' dir='ltr'>se</span> <span class='ocrx_word' id='word_1_259' title='bbox 1060 2733 1148 2784; x_wconf 86' lang='lat' dir='ltr'>ferant</span> <span class='ocrx_word' id='word_1_260' title='bbox 1165 2730 1356 2802; x_wconf 75' lang='lat' dir='ltr'>corruptionis,</span> 
     </span>
     <span class='ocr_line' id='line_1_27' title="bbox 292 2815 1357 2891; baseline 0.001 -20"><span class='ocrx_word' id='word_1_261' title='bbox 292 2817 432 2885; x_wconf 45' lang='lat' dir='ltr'>*„Cicero,</span> <span class='ocrx_word' id='word_1_262' title='bbox 450 2816 502 2887; x_wconf 84' lang='lat' dir='ltr'>(sic</span> <span class='ocrx_word' id='word_1_263' title='bbox 520 2816 636 2889; x_wconf 56' lang='lat' dir='ltr'>pergit)</span> <span class='ocrx_word' id='word_1_264' title='bbox 659 2818 697 2870; x_wconf 89' lang='lat' dir='ltr'>uti</span> <span class='ocrx_word' id='word_1_265' title='bbox 716 2815 847 2872; x_wconf 89' lang='lat' dir='ltr'>hocloco</span> <span class='ocrx_word' id='word_1_266' title='bbox 864 2818 926 2874; x_wconf 81' lang='lat' dir='ltr'>satis</span> <span class='ocrx_word' id='word_1_267' title='bbox 943 2838 989 2885; x_wconf 89' lang='lat' dir='ltr'>ea,</span> <span class='ocrx_word' id='word_1_268' title='bbox 1014 2837 1083 2890; x_wconf 88' lang='lat' dir='ltr'>quae</span> <span class='ocrx_word' id='word_1_269' title='bbox 1102 2820 1180 2886; x_wconf 87' lang='lat' dir='ltr'>dicit,</span> <span class='ocrx_word' id='word_1_270' title='bbox 1207 2831 1357 2891; x_wconf 74' lang='lat' dir='ltr'>exaggeret,</span> 
     </span>
     <span class='ocr_line' id='line_1_28' title="bbox 303 2905 1358 2979; baseline -0.003 -19"><span class='ocrx_word' id='word_1_271' title='bbox 303 2909 338 2962; x_wconf 84' lang='lat' dir='ltr'>ita</span> <span class='ocrx_word' id='word_1_272' title='bbox 352 2907 407 2963; x_wconf 88' lang='lat' dir='ltr'>istis</span> <span class='ocrx_word' id='word_1_273' title='bbox 424 2925 533 2978; x_wconf 90' lang='lat' dir='ltr'>quoque</span> <span class='ocrx_word' id='word_1_274' title='bbox 553 2906 637 2958; x_wconf 79' lang='lat' dir='ltr'>verbis</span> <span class='ocrx_word' id='word_1_275' title='bbox 655 2905 757 2958; x_wconf 83' lang='lat' dir='ltr'>videtur</span> <span class='ocrx_word' id='word_1_276' title='bbox 776 2905 846 2959; x_wconf 90' lang='lat' dir='ltr'>idem</span> <span class='ocrx_word' id='word_1_277' title='bbox 871 2906 977 2960; x_wconf 80' lang='lat' dir='ltr'>iecisse:</span> <span class='ocrx_word' id='word_1_278' title='bbox 1002 2926 1157 2979; x_wconf 85' lang='lat' dir='ltr'>quareque</span> <span class='ocrx_word' id='word_1_279' title='bbox 1181 2909 1287 2977; x_wconf 75' lang='lat' dir='ltr'>gravius</span> <span class='ocrx_word' id='word_1_280' title='bbox 1313 2905 1358 2958; x_wconf 90' lang='lat' dir='ltr'>di-</span> 
     </span>
     <span class='ocr_line' id='line_1_29' title="bbox 303 2992 1358 3067; baseline -0.002 -17"><span class='ocrx_word' id='word_1_281' title='bbox 303 3006 391 3060; x_wconf 87' lang='lat' dir='ltr'>ceret,</span> <span class='ocrx_word' id='word_1_282' title='bbox 409 2994 539 3049; x_wconf 85' lang='lat' dir='ltr'>civitatem</span> <span class='ocrx_word' id='word_1_283' title='bbox 560 3011 592 3047; x_wconf 89' lang='lat' dir='ltr'>eo</span> <span class='ocrx_word' id='word_1_284' title='bbox 611 3004 731 3066; x_wconf 87' lang='lat' dir='ltr'>tempore</span> <span class='ocrx_word' id='word_1_285' title='bbox 749 2995 870 3066; x_wconf 75' lang='lat' dir='ltr'>exiguam</span> <span class='ocrx_word' id='word_1_286' title='bbox 889 3014 921 3049; x_wconf 88' lang='lat' dir='ltr'>ac</span> <span class='ocrx_word' id='word_1_287' title='bbox 943 3014 1027 3067; x_wconf 85' lang='lat' dir='ltr'>paene</span> <span class='ocrx_word' id='word_1_288' title='bbox 1050 2994 1264 3061; x_wconf 74' lang='lat' dir='ltr'>nuttamtuisse,</span> <span class='ocrx_word' id='word_1_289' title='bbox 1289 2992 1358 3048; x_wconf 86' lang='lat' dir='ltr'>baec</span> 
     </span>
     <span class='ocr_line' id='line_1_30' title="bbox 304 3080 1357 3155; baseline -0.002 -17"><span class='ocrx_word' id='word_1_290' title='bbox 304 3083 408 3155; x_wconf 73' lang='lat' dir='ltr'>scripsit</span> <span class='ocrx_word' id='word_1_291' title='bbox 425 3101 509 3155; x_wconf 88' lang='lat' dir='ltr'>quum</span> <span class='ocrx_word' id='word_1_292' title='bbox 527 3109 560 3123; x_wconf 93' lang='lat'>-</span> <span class='ocrx_word' id='word_1_293' title='bbox 580 3092 691 3135; x_wconf 79' lang='lat' dir='ltr'>senatus</span> <span class='ocrx_word' id='word_1_294' title='bbox 715 3101 808 3141; x_wconf 75' lang='lat' dir='ltr'>nonem</span> <span class='ocrx_word' id='word_1_295' title='bbox 831 3084 861 3134; x_wconf 82' lang='lat' dir='ltr'>in</span> <span class='ocrx_word' id='word_1_296' title='bbox 885 3100 913 3134; x_wconf 86' lang='lat' dir='ltr'>re</span> <span class='ocrx_word' id='word_1_297' title='bbox 935 3082 1048 3153; x_wconf 80' lang='lat' dir='ltr'>publicu</span> <span class='ocrx_word' id='word_1_298' title='bbox 1070 3102 1123 3136; x_wconf 82' lang='lat' dir='ltr'>non</span> <span class='ocrx_word' id='word_1_299' title='bbox 1147 3093 1222 3148; x_wconf 84' lang='lat' dir='ltr'>erat,</span> <span class='ocrx_word' id='word_1_300' title='bbox 1248 3092 1277 3136; x_wconf 93' lang='lat' dir='ltr'>ut</span> <span class='ocrx_word' id='word_1_301' title='bbox 1303 3080 1357 3136; x_wconf 86' lang='lat' dir='ltr'>boc</span> 
     </span>
     <span class='ocr_line' id='line_1_31' title="bbox 304 3169 1357 3242; baseline -0.005 -17"><span class='ocrx_word' id='word_1_302' title='bbox 304 3171 416 3227; x_wconf 81' lang='lat' dir='ltr'>diceret:</span> <span class='ocrx_word' id='word_1_303' title='bbox 437 3188 519 3242; x_wconf 83' lang='lat' dir='ltr'>quum</span> <span class='ocrx_word' id='word_1_304' title='bbox 537 3197 572 3207; x_wconf 90' lang='lat'><em>-</em></span> <span class='ocrx_word' id='word_1_305' title='bbox 591 3179 704 3220; x_wconf 79' lang='lat' dir='ltr'>senatus</span> <span class='ocrx_word' id='word_1_306' title='bbox 722 3189 816 3222; x_wconf 80' lang='lat' dir='ltr'>nornen</span> <span class='ocrx_word' id='word_1_307' title='bbox 833 3170 862 3221; x_wconf 84' lang='lat' dir='ltr'>in</span> <span class='ocrx_word' id='word_1_308' title='bbox 879 3169 1034 3240; x_wconf 80' lang='lat' dir='ltr'>republica</span> <span class='ocrx_word' id='word_1_309' title='bbox 1058 3190 1112 3223; x_wconf 83' lang='lat' dir='ltr'>non</span> <span class='ocrx_word' id='word_1_310' title='bbox 1134 3181 1211 3237; x_wconf 81' lang='lat' dir='ltr'>erat,</span> <span class='ocrx_word' id='word_1_311' title='bbox 1235 3171 1357 3230; x_wconf 82' lang='lat' dir='ltr'>nedum</span> 
     </span>
     <span class='ocr_line' id='line_1_32' title="bbox 304 3256 1356 3330; baseline -0.001 -19"><span class='ocrx_word' id='word_1_312' title='bbox 304 3258 526 3311; x_wconf 80' lang='lat' dir='ltr'>auctoritas:</span> <span class='ocrx_word' id='word_1_313' title='bbox 552 3256 624 3327; x_wconf 89' lang='lat' dir='ltr'>quod</span> <span class='ocrx_word' id='word_1_314' title='bbox 643 3276 676 3310; x_wconf 91' lang='lat' dir='ltr'>eo</span> <span class='ocrx_word' id='word_1_315' title='bbox 694 3257 798 3312; x_wconf 77' lang='lat' dir='ltr'>facilius</span> <span class='ocrx_word' id='word_1_316' title='bbox 823 3258 873 3313; x_wconf 85' lang='lat' dir='ltr'>erit</span> <span class='ocrx_word' id='word_1_317' title='bbox 895 3258 929 3311; x_wconf 90' lang='lat' dir='ltr'>ad</span> <span class='ocrx_word' id='word_1_318' title='bbox 954 3257 1172 3330; x_wconf 80' lang='lat' dir='ltr'>intelligendum,</span> <span class='ocrx_word' id='word_1_319' title='bbox 1195 3257 1217 3310; x_wconf 89' lang='lat' dir='ltr'>si</span> <span class='ocrx_word' id='word_1_320' title='bbox 1244 3257 1356 3312; x_wconf 78' lang='lat' dir='ltr'>uerbum</span> 
     </span>
     <span class='ocr_line' id='line_1_33' title="bbox 303 3344 1355 3418; baseline -0.003 -17"><span class='ocrx_word' id='word_1_321' title='bbox 303 3362 396 3401; x_wconf 67' lang='lat' dir='ltr'>nornen</span> <span class='ocrx_word' id='word_1_322' title='bbox 415 3344 621 3417; x_wconf 83' lang='lat' dir='ltr'>pronunciando</span> <span class='ocrx_word' id='word_1_323' title='bbox 638 3344 802 3411; x_wconf 84' lang='lat' dir='ltr'>iuvabimus,</span> <span class='ocrx_word' id='word_1_324' title='bbox 826 3345 898 3399; x_wconf 73' lang='lat' dir='ltr'>unde</span> <span class='ocrx_word' id='word_1_325' title='bbox 915 3358 1044 3418; x_wconf 79' lang='lat' dir='ltr'>appareat</span> <span class='ocrx_word' id='word_1_326' title='bbox 1066 3346 1209 3418; x_wconf 79' lang='lat' dir='ltr'>cogitando</span> <span class='ocrx_word' id='word_1_327' title='bbox 1225 3346 1355 3418; x_wconf 54' lang='lat' dir='ltr'>¹quiddam</span> 
     </span>
     <span class='ocr_line' id='line_1_34' title="bbox 305 3431 1356 3506; baseline -0.003 -18"><span class='ocrx_word' id='word_1_328' title='bbox 305 3432 415 3506; x_wconf 88' lang='lat' dir='ltr'>opponi.</span> <span class='ocrx_word' id='word_1_329' title='bbox 458 3431 488 3484; x_wconf 86' lang='lat' dir='ltr'>Si</span> <span class='ocrx_word' id='word_1_330' title='bbox 511 3431 654 3502; x_wconf 84' lang='lat' dir='ltr'>scripsisset</span> <span class='ocrx_word' id='word_1_331' title='bbox 678 3431 790 3488; x_wconf 87' lang='lat' dir='ltr'>Cicero:</span> <span class='ocrx_word' id='word_1_332' title='bbox 815 3452 898 3504; x_wconf 83' lang='lat' dir='ltr'>quum</span> <span class='ocrx_word' id='word_1_333' title='bbox 922 3463 957 3473; x_wconf 89' lang='lat'>-</span> <span class='ocrx_word' id='word_1_334' title='bbox 975 3445 1087 3488; x_wconf 82' lang='lat' dir='ltr'>senatus</span> <span class='ocrx_word' id='word_1_335' title='bbox 1112 3453 1149 3486; x_wconf 83' lang='lat' dir='ltr'>ne</span> <span class='ocrx_word' id='word_1_336' title='bbox 1172 3453 1266 3488; x_wconf 78' lang='lat' dir='ltr'>nomen</span> <span class='ocrx_word' id='word_1_337' title='bbox 1284 3435 1356 3506; x_wconf 79' lang='lat' dir='ltr'>qui-</span> 
     </span>
     <span class='ocr_line' id='line_1_35' title="bbox 306 3518 1357 3592; baseline -0.004 -17"><span class='ocrx_word' id='word_1_338' title='bbox 306 3523 420 3575; x_wconf 84' lang='lat' dir='ltr'>demin</span> <span class='ocrx_word' id='word_1_339' title='bbox 438 3539 466 3572; x_wconf 84' lang='lat' dir='ltr'>re</span> <span class='ocrx_word' id='word_1_340' title='bbox 482 3518 593 3588; x_wconf 79' lang='lat' dir='ltr'>publica</span> <span class='ocrx_word' id='word_1_341' title='bbox 613 3529 689 3587; x_wconf 83' lang='lat' dir='ltr'>emt,</span> <span class='ocrx_word' id='word_1_342' title='bbox 708 3520 748 3573; x_wconf 83' lang='lat' dir='ltr'>rei</span> <span class='ocrx_word' id='word_1_343' title='bbox 768 3541 851 3592; x_wconf 83' lang='lat' dir='ltr'>quum</span> <span class='ocrx_word' id='word_1_344' title='bbox 870 3550 905 3562; x_wconf 88' lang='lat'>-</span> <span class='ocrx_word' id='word_1_345' title='bbox 917 3531 1029 3575; x_wconf 81' lang='lat' dir='ltr'>senatus</span> <span class='ocrx_word' id='word_1_346' title='bbox 1043 3522 1152 3573; x_wconf 83' lang='lat' dir='ltr'>etiam</span> <span class='ocrx_word' id='word_1_347' title='bbox 1169 3538 1262 3573; x_wconf 78' lang='lat' dir='ltr'>rwnren</span> <span class='ocrx_word' id='word_1_348' title='bbox 1278 3520 1309 3571; x_wconf 82' lang='lat' dir='ltr'>in</span> <span class='ocrx_word' id='word_1_349' title='bbox 1328 3538 1357 3571; x_wconf 87' lang='lat' dir='ltr'>re</span> 
     </span>
     <span class='ocr_line' id='line_1_36' title="bbox 303 3608 1357 3680; baseline -0.002 -18"><span class='ocrx_word' id='word_1_350' title='bbox 303 3609 412 3680; x_wconf 83' lang='lat' dir='ltr'>publica</span> <span class='ocrx_word' id='word_1_351' title='bbox 430 3626 482 3661; x_wconf 85' lang='lat' dir='ltr'>non</span> <span class='ocrx_word' id='word_1_352' title='bbox 499 3618 575 3672; x_wconf 81' lang='lat' dir='ltr'>erut,</span> <span class='ocrx_word' id='word_1_353' title='bbox 604 3626 685 3662; x_wconf 89' lang='lat' dir='ltr'>nemo</span> <span class='ocrx_word' id='word_1_354' title='bbox 708 3608 787 3662; x_wconf 81' lang='lat' dir='ltr'>facile</span> <span class='ocrx_word' id='word_1_355' title='bbox 810 3609 845 3662; x_wconf 85' lang='lat' dir='ltr'>de</span> <span class='ocrx_word' id='word_1_356' title='bbox 870 3609 1000 3664; x_wconf 87' lang='lat' dir='ltr'>hocloco</span> <span class='ocrx_word' id='word_1_357' title='bbox 1019 3610 1173 3664; x_wconf 76' lang='lat' dir='ltr'>dubitasset:</span> <span class='ocrx_word' id='word_1_358' title='bbox 1201 3628 1294 3663; x_wconf 85' lang='lat' dir='ltr'>rerum</span> <span class='ocrx_word' id='word_1_359' title='bbox 1321 3626 1357 3661; x_wconf 90' lang='lat' dir='ltr'>ue</span> 
     </span>
     <span class='ocr_line' id='line_1_37' title="bbox 304 3695 1357 3769; baseline -0.006 -15"><span class='ocrx_word' id='word_1_360' title='bbox 304 3703 352 3754; x_wconf 83' lang='lat' dir='ltr'>ista</span> <span class='ocrx_word' id='word_1_361' title='bbox 378 3696 486 3768; x_wconf 88' lang='lat' dir='ltr'>quidem</span> <span class='ocrx_word' id='word_1_362' title='bbox 513 3696 617 3750; x_wconf 87' lang='lat' dir='ltr'>ratione</span> <span class='ocrx_word' id='word_1_363' title='bbox 642 3717 726 3769; x_wconf 90' lang='lat' dir='ltr'>quum</span> <span class='ocrx_word' id='word_1_364' title='bbox 754 3708 793 3753; x_wconf 87' lang='lat' dir='ltr'>est</span> <span class='ocrx_word' id='word_1_365' title='bbox 814 3697 911 3753; x_wconf 86' lang='lat' dir='ltr'>Cicero</span> <span class='ocrx_word' id='word_1_366' title='bbox 934 3697 1053 3762; x_wconf 86' lang='lat' dir='ltr'>locutus,</span> <span class='ocrx_word' id='word_1_367' title='bbox 1082 3698 1223 3769; x_wconf 86' lang='lat' dir='ltr'>quisquam</span> <span class='ocrx_word' id='word_1_368' title='bbox 1250 3695 1357 3749; x_wconf 77' lang='lat' dir='ltr'>debebit</span> 
     </span>
     <span class='ocr_line' id='line_1_38' title="bbox 305 3783 1357 3856; baseline -0.003 -20"><span class='ocrx_word' id='word_1_369' title='bbox 305 3783 445 3849; x_wconf 73' lang='lat' dir='ltr'>haesitare,</span> <span class='ocrx_word' id='word_1_370' title='bbox 464 3803 549 3855; x_wconf 90' lang='lat' dir='ltr'>quum</span> <span class='ocrx_word' id='word_1_371' title='bbox 567 3795 671 3839; x_wconf 84' lang='lat' dir='ltr'>constet</span> <span class='ocrx_word' id='word_1_372' title='bbox 688 3785 758 3837; x_wconf 89' lang='lat' dir='ltr'>iuter</span> <span class='ocrx_word' id='word_1_373' title='bbox 776 3803 869 3837; x_wconf 88' lang='lat' dir='ltr'>omnes</span> <span class='ocrx_word' id='word_1_374' title='bbox 895 3804 989 3838; x_wconf 84' lang='lat' dir='ltr'>nomm</span> <span class='ocrx_word' id='word_1_375' title='bbox 1005 3803 1084 3856; x_wconf 84' lang='lat' dir='ltr'>saepe</span> <span class='ocrx_word' id='word_1_376' title='bbox 1103 3786 1138 3839; x_wconf 85' lang='lat' dir='ltr'>ita</span> <span class='ocrx_word' id='word_1_377' title='bbox 1157 3784 1225 3850; x_wconf 85' lang='lat' dir='ltr'>dici,</span> <span class='ocrx_word' id='word_1_378' title='bbox 1258 3793 1357 3848; x_wconf 84' lang='lat' dir='ltr'>utres,</span> 
     </span>
     <span class='ocr_line' id='line_1_39' title="bbox 307 3869 1357 3944; baseline -0.003 -22"><span class='ocrx_word' id='word_1_379' title='bbox 307 3873 472 3938; x_wconf 81' lang='lat' dir='ltr'>auctoritas,</span> <span class='ocrx_word' id='word_1_380' title='bbox 489 3884 576 3926; x_wconf 84' lang='lat' dir='ltr'>cetera</span> <span class='ocrx_word' id='word_1_381' title='bbox 595 3883 777 3944; x_wconf 80' lang='lat' dir='ltr'>opponantur.</span> <span class='ocrx_word' id='word_1_382' title='bbox 820 3872 875 3926; x_wconf 91' lang='lat' dir='ltr'>Nos</span> <span class='ocrx_word' id='word_1_383' title='bbox 902 3872 1037 3927; x_wconf 77' lang='lat' dir='ltr'>dicamus:</span> <span class='ocrx_word' id='word_1_384' title='bbox 1066 3873 1137 3926; x_wconf 82' lang='lat' dir='ltr'>Also</span> <span class='ocrx_word' id='word_1_385' title='bbox 1155 3891 1211 3924; x_wconf 80' lang='lat' dir='ltr'>war</span> <span class='ocrx_word' id='word_1_386' title='bbox 1229 3870 1285 3923; x_wconf 85' lang='lat' dir='ltr'>dies</span> <span class='ocrx_word' id='word_1_387' title='bbox 1304 3869 1357 3920; x_wconf 84' lang='lat' dir='ltr'>do·</span> 
     </span>
     <span class='ocr_line' id='line_1_40' title="bbox 307 3959 1355 4031; baseline 0 -21"><span class='ocrx_word' id='word_1_388' title='bbox 307 3960 375 4011; x_wconf 76' lang='lat' dir='ltr'>rnols</span> <span class='ocrx_word' id='word_1_389' title='bbox 393 3960 450 4012; x_wconf 76' lang='lat' dir='ltr'>dein</span> <span class='ocrx_word' id='word_1_390' title='bbox 469 3963 565 4027; x_wconf 74' lang='lat' dir='ltr'>Stant,</span> <span class='ocrx_word' id='word_1_391' title='bbox 591 3961 633 4013; x_wconf 82' lang='lat' dir='ltr'>uls</span> <span class='ocrx_word' id='word_1_392' title='bbox 651 3963 693 4013; x_wconf 80' lang='lat' dir='ltr'>die</span> <span class='ocrx_word' id='word_1_393' title='bbox 717 3965 829 4014; x_wconf 81' lang='lat' dir='ltr'>Gesetze</span> <span class='ocrx_word' id='word_1_394' title='bbox 851 3962 881 4014; x_wconf 86' lang='lat' dir='ltr'>in</span> <span class='ocrx_word' id='word_1_395' title='bbox 906 3960 1052 4015; x_wconf 76' lang='lat' dir='ltr'>demseiben</span> <span class='ocrx_word' id='word_1_396' title='bbox 1079 3962 1169 4014; x_wconf 75' lang='lat' dir='ltr'>nicbts</span> <span class='ocrx_word' id='word_1_397' title='bbox 1192 3959 1301 4031; x_wconf 77' lang='lat' dir='ltr'>gulten,</span> <span class='ocrx_word' id='word_1_398' title='bbox 1320 3987 1355 3997; x_wconf 88' lang='lat'>-</span> 
     </span>
     <span class='ocr_line' id='line_1_41' title="bbox 307 4046 1357 4121; baseline -0.003 -22"><span class='ocrx_word' id='word_1_399' title='bbox 307 4048 377 4100; x_wconf 79' lang='lat' dir='ltr'>uach</span> <span class='ocrx_word' id='word_1_400' title='bbox 392 4046 580 4118; x_wconf 76' lang='lat' dir='ltr'>gewcltsamer</span> <span class='ocrx_word' id='word_1_401' title='bbox 605 4048 784 4121; x_wconf 77' lang='lat' dir='ltr'>Vertreibung</span> <span class='ocrx_word' id='word_1_402' title='bbox 801 4051 848 4101; x_wconf 87' lang='lat' dir='ltr'>der</span> <span class='ocrx_word' id='word_1_403' title='bbox 867 4050 1174 4120; x_wconf 80' lang='lat' dir='ltr'>Magistratspersonen,</span> <span class='ocrx_word' id='word_1_404' title='bbox 1201 4046 1247 4098; x_wconf 87' lang='lat' dir='ltr'>des</span> <span class='ocrx_word' id='word_1_405' title='bbox 1269 4049 1357 4098; x_wconf 84' lang='lat' dir='ltr'>Sena-</span> 
     </span>
    </p>
   </div>
   <div class='ocr_carea' id='block_1_6' title="bbox 205 4134 1357 4208">
    <p class='ocr_par' dir='ltr' id='par_1_6' title="bbox 205 4134 1357 4208">
     <span class='ocr_line' id='line_1_42' title="bbox 205 4134 1357 4208; baseline -0.003 -21"><span class='ocrx_word' id='word_1_406' title='bbox 205 4149 211 4157; x_wconf 85' lang='lat'>·</span> <span class='ocrx_word' id='word_1_407' title='bbox 308 4147 348 4188; x_wconf 85' lang='lat' dir='ltr'>tes</span> <span class='ocrx_word' id='word_1_408' title='bbox 368 4138 469 4188; x_wconf 71' lang='lat' dir='ltr'>Nonae</span> <span class='ocrx_word' id='word_1_409' title='bbox 489 4136 594 4205; x_wconf 76' lang='lat' dir='ltr'>(sogar)</span> <span class='ocrx_word' id='word_1_410' title='bbox 619 4136 674 4201; x_wconf 81' lang='lat' dir='ltr'>[sed</span> <span class='ocrx_word' id='word_1_411' title='bbox 699 4135 750 4190; x_wconf 86' lang='lat' dir='ltr'>hoe</span> <span class='ocrx_word' id='word_1_412' title='bbox 768 4138 855 4207; x_wconf 87' lang='lat' dir='ltr'>ipsum</span> <span class='ocrx_word' id='word_1_413' title='bbox 880 4155 962 4208; x_wconf 78' lang='lat' dir='ltr'>sogor</span> <span class='ocrx_word' id='word_1_414' title='bbox 985 4136 1068 4203; x_wconf 82' lang='lat' dir='ltr'>deest]</span> <span class='ocrx_word' id='word_1_415' title='bbox 1097 4153 1149 4186; x_wconf 80' lang='lat' dir='ltr'>aus</span> <span class='ocrx_word' id='word_1_416' title='bbox 1176 4134 1233 4184; x_wconf 82' lang='lat' dir='ltr'>dem</span> <span class='ocrx_word' id='word_1_417' title='bbox 1256 4136 1357 4184; x_wconf 84' lang='lat' dir='ltr'>Stuate</span> 
     </span>
    </p>
   </div>
   <div class='ocr_carea' id='block_1_7' title="bbox 310 4220 1359 4294">
    <p class='ocr_par' dir='ltr' id='par_1_7' title="bbox 310 4220 1359 4294">
     <span class='ocr_line' id='line_1_43' title="bbox 310 4220 1359 4294; baseline -0.005 -18"><span class='ocrx_word' id='word_1_418' title='bbox 310 4226 514 4278; x_wconf 74' lang='lat' dir='ltr'>verscirwunden</span> <span class='ocrx_word' id='word_1_419' title='bbox 534 4224 618 4275; x_wconf 80' lang='lat' dir='ltr'>wur.“</span> <span class='ocrx_word' id='word_1_420' title='bbox 654 4222 725 4276; x_wconf 85' lang='lat' dir='ltr'>Haec</span> <span class='ocrx_word' id='word_1_421' title='bbox 744 4223 797 4279; x_wconf 78' lang='lat' dir='ltr'>itte.</span> <span class='ocrx_word' id='word_1_422' title='bbox 833 4222 888 4276; x_wconf 87' lang='lat' dir='ltr'>Iam</span> <span class='ocrx_word' id='word_1_423' title='bbox 907 4236 935 4280; x_wconf 90' lang='lat' dir='ltr'>ut</span> <span class='ocrx_word' id='word_1_424' title='bbox 954 4242 1040 4279; x_wconf 88' lang='lat' dir='ltr'>meam</span> <span class='ocrx_word' id='word_1_425' title='bbox 1061 4220 1276 4294; x_wconf 84' lang='lat' dir='ltr'>qualemcunque</span> <span class='ocrx_word' id='word_1_426' title='bbox 1295 4238 1359 4272; x_wconf 84' lang='lat' dir='ltr'>sen-</span> 
     </span>
    </p>
   </div>
   <div class='ocr_carea' id='block_1_8' title="bbox 0 0 1543 4925">
    <p class='ocr_par' dir='ltr' id='par_1_8' title="bbox 0 0 1543 4925">
     <span class='ocr_line' id='line_1_44' title="bbox 0 0 1543 4925; baseline 0 0"><span class='ocrx_word' id='word_1_427' title='bbox 0 0 1543 4925; x_wconf 95' lang='lat' dir='ltr'> </span> 
     </span>
    </p>
   </div>
  </div>
 </body>
</html>
