<?xml version="1.0" encoding="UTF-8"?>
<!DOCTYPE html PUBLIC "-//W3C//DTD XHTML 1.0 Transitional//EN"
    "http://www.w3.org/TR/xhtml1/DTD/xhtml1-transitional.dtd">
<html xmlns="http://www.w3.org/1999/xhtml" xml:lang="en" lang="en">
 <head>
  <title>
</title>
<meta http-equiv="Content-Type" content="text/html;charset=utf-8" />
  <meta name='ocr-system' content='tesseract 3.04.00' />
  <meta name='ocr-capabilities' content='ocr_page ocr_carea ocr_par ocr_line ocrx_word'/>
</head>
<body>
  <div class='ocr_page' id='page_1' title='image "./paradoxa01wyttgoog_0057.png"; bbox 0 0 3059 4925; ppageno 0'>
   <div class='ocr_carea' id='block_1_1' title="bbox 624 417 1240 489">
    <p class='ocr_par' dir='ltr' id='par_1_1' title="bbox 624 417 1240 489">
     <span class='ocr_line' id='line_1_1' title="bbox 624 417 1240 489; baseline 0.002 -1"><span class='ocrx_word' id='word_1_1' title='bbox 624 443 828 489; x_wconf 84' lang='lat' dir='ltr'>rnoonnnnr.</span> <span class='ocrx_word' id='word_1_2' title='bbox 1194 417 1240 489; x_wconf 87' lang='lat'>13</span> 
     </span>
    </p>
   </div>
   <div class='ocr_carea' id='block_1_2' title="bbox 147 601 1303 4256">
    <p class='ocr_par' dir='ltr' id='par_1_2' title="bbox 190 601 1303 1634">
     <span class='ocr_line' id='line_1_2' title="bbox 190 601 1243 674; baseline -0.003 -18"><span class='ocrx_word' id='word_1_3' title='bbox 190 607 219 656; x_wconf 81' lang='lat' dir='ltr'>in</span> <span class='ocrx_word' id='word_1_4' title='bbox 243 602 348 656; x_wconf 78' lang='lat' dir='ltr'>inculto</span> <span class='ocrx_word' id='word_1_5' title='bbox 375 601 507 673; x_wconf 76' lang='lat' dir='ltr'>quaedem</span> <span class='ocrx_word' id='word_1_6' title='bbox 531 610 558 651; x_wconf 83' lang='lat' dir='ltr'>et</span> <span class='ocrx_word' id='word_1_7' title='bbox 583 601 695 653; x_wconf 75' lang='lat' dir='ltr'>horrido</span> <span class='ocrx_word' id='word_1_8' title='bbox 702 621 712 661; x_wconf 82' lang='lat'>‚·</span> <span class='ocrx_word' id='word_1_9' title='bbox 740 621 791 673; x_wconf 90' lang='lat' dir='ltr'>pro</span> <span class='ocrx_word' id='word_1_10' title='bbox 809 602 875 658; x_wconf 86' lang='lat' dir='ltr'>Sest.</span> <span class='ocrx_word' id='word_1_11' title='bbox 894 605 941 655; x_wconf 82' lang='lat'>10:</span> <span class='ocrx_word' id='word_1_12' title='bbox 967 604 1032 674; x_wconf 81' lang='lat' dir='ltr'>qnia</span> <span class='ocrx_word' id='word_1_13' title='bbox 1054 603 1243 656; x_wconf 75' lang='lat' dir='ltr'><em>subhorridum</em></span> 
     </span>
     <span class='ocr_line' id='line_1_3' title="bbox 194 687 1243 764; baseline -0.003 -21"><span class='ocrx_word' id='word_1_14' title='bbox 194 703 278 764; x_wconf 83' lang='lat' dir='ltr'>otqne</span> <span class='ocrx_word' id='word_1_15' title='bbox 294 690 427 742; x_wconf 81' lang='lat' dir='ltr'>incultum</span> <span class='ocrx_word' id='word_1_16' title='bbox 445 688 588 747; x_wconf 67' lang='lat' dir='ltr'>videbam</span> <span class='ocrx_word' id='word_1_17' title='bbox 619 687 694 743; x_wconf 81' lang='lat' dir='ltr'>Brnt.</span> <span class='ocrx_word' id='word_1_18' title='bbox 712 694 762 744; x_wconf 79' lang='lat' dir='ltr'>ot:</span> <span class='ocrx_word' id='word_1_19' title='bbox 790 708 843 742; x_wconf 81' lang='lat' dir='ltr'>non</span> <span class='ocrx_word' id='word_1_20' title='bbox 862 691 940 742; x_wconf 70' lang='lat' dir='ltr'>valde</span> <span class='ocrx_word' id='word_1_21' title='bbox 959 692 1063 748; x_wconf 77' lang='lat' dir='ltr'>nitens,</span> <span class='ocrx_word' id='word_1_22' title='bbox 1078 710 1141 741; x_wconf 64' lang='lat' dir='ltr'>&gt;non</span> <span class='ocrx_word' id='word_1_23' title='bbox 1161 691 1243 758; x_wconf 82' lang='lat' dir='ltr'>plone</span> 
     </span>
     <span class='ocr_line' id='line_1_4' title="bbox 192 775 1303 847; baseline -0.004 -14"><span class='ocrx_word' id='word_1_24' title='bbox 192 779 302 832; x_wconf 76' lang='lat' dir='ltr'>horrido</span> <span class='ocrx_word' id='word_1_25' title='bbox 321 777 417 829; x_wconf 81' lang='lat' dir='ltr'>oratio.</span> <span class='ocrx_word' id='word_1_26' title='bbox 433 805 470 815; x_wconf 93' lang='lat'>-</span> <span class='ocrx_word' id='word_1_27' title='bbox 498 775 680 846; x_wconf 69' lang='lat' dir='ltr'>scriptionem</span> <span class='ocrx_word' id='word_1_28' title='bbox 704 778 789 829; x_wconf 72' lang='lat' dir='ltr'>nichil</span> <span class='ocrx_word' id='word_1_29' title='bbox 810 796 861 846; x_wconf 91' lang='lat' dir='ltr'>pro</span> <span class='ocrx_word' id='word_1_30' title='bbox 879 777 960 833; x_wconf 76' lang='lat' dir='ltr'>nihil,</span> <span class='ocrx_word' id='word_1_31' title='bbox 985 795 1054 847; x_wconf 87' lang='lat' dir='ltr'>quae</span> <span class='ocrx_word' id='word_1_32' title='bbox 1072 787 1110 829; x_wconf 84' lang='lat' dir='ltr'>est</span> <span class='ocrx_word' id='word_1_33' title='bbox 1127 777 1156 829; x_wconf 89' lang='lat' dir='ltr'>in</span> <span class='ocrx_word' id='word_1_34' title='bbox 1175 776 1242 830; x_wconf 81' lang='lat' dir='ltr'>cod.</span> <span class='ocrx_word' id='word_1_35' title='bbox 1298 779 1303 785; x_wconf 73' lang='grc'><strong>“</strong></span> 
     </span>
     <span class='ocr_line' id='line_1_5' title="bbox 192 862 1244 929; baseline 0.001 -11"><span class='ocrx_word' id='word_1_36' title='bbox 192 865 252 919; x_wconf 74' lang='lat' dir='ltr'>Cre.</span> <span class='ocrx_word' id='word_1_37' title='bbox 265 869 300 929; x_wconf 79' lang='grc'><strong>2.,</strong></span> <span class='ocrx_word' id='word_1_38' title='bbox 319 882 375 916; x_wconf 91' lang='lat' dir='ltr'>non</span> <span class='ocrx_word' id='word_1_39' title='bbox 394 862 463 915; x_wconf 83' lang='lat' dir='ltr'>ultra</span> <span class='ocrx_word' id='word_1_40' title='bbox 482 864 656 916; x_wconf 78' lang='lat' dir='ltr'>enotabimus.</span> <span class='ocrx_word' id='word_1_41' title='bbox 691 862 779 917; x_wconf 84' lang='lat' dir='ltr'>Codd.</span> <span class='ocrx_word' id='word_1_42' title='bbox 797 863 856 917; x_wconf 74' lang='lat' dir='ltr'>cn.</span> <span class='ocrx_word' id='word_1_43' title='bbox 875 866 901 918; x_wconf 77' lang='grc'><strong>3.</strong></span> <span class='ocrx_word' id='word_1_44' title='bbox 919 864 999 917; x_wconf 83' lang='lat' dir='ltr'>Drsd.</span> <span class='ocrx_word' id='word_1_45' title='bbox 1012 868 1037 917; x_wconf 89' lang='lat'>1.</span> <span class='ocrx_word' id='word_1_46' title='bbox 1057 867 1082 918; x_wconf 80' lang='grc'><strong>3.</strong></span> <span class='ocrx_word' id='word_1_47' title='bbox 1101 869 1126 918; x_wconf 76' lang='lat'>5.</span> <span class='ocrx_word' id='word_1_48' title='bbox 1145 864 1244 919; x_wconf 76' lang='lat' dir='ltr'>liabent</span> 
     </span>
     <span class='ocr_line' id='line_1_6' title="bbox 193 949 1243 1021; baseline -0.001 -16"><span class='ocrx_word' id='word_1_49' title='bbox 193 952 262 1006; x_wconf 64' lang='lat' dir='ltr'>nituit</span> <span class='ocrx_word' id='word_1_50' title='bbox 279 962 320 1003; x_wconf 83' lang='lat' dir='ltr'>est</span> <span class='ocrx_word' id='word_1_51' title='bbox 339 962 396 1002; x_wconf 78' lang='lat' dir='ltr'>tom</span> <span class='ocrx_word' id='word_1_52' title='bbox 414 952 486 1002; x_wconf 76' lang='lat' dir='ltr'>horr.</span> <span class='ocrx_word' id='word_1_53' title='bbox 521 950 613 1021; x_wconf 72' lang='lat' dir='ltr'>Pergit</span> <span class='ocrx_word' id='word_1_54' title='bbox 637 949 705 1003; x_wconf 88' lang='lat' dir='ltr'>Cod.</span> <span class='ocrx_word' id='word_1_55' title='bbox 730 951 838 1004; x_wconf 86' lang='lat' dir='ltr'>Suerin.</span> <span class='ocrx_word' id='word_1_56' title='bbox 858 951 953 1003; x_wconf 61' lang='lat' dir='ltr'>nituit</span> <span class='ocrx_word' id='word_1_57' title='bbox 974 951 1120 1015; x_wconf 81' lang='lat' dir='ltr'>incultum,</span> <span class='ocrx_word' id='word_1_58' title='bbox 1145 951 1243 1004; x_wconf 76' lang='lat' dir='ltr'>omisso</span> 
     </span>
     <span class='ocr_line' id='line_1_7' title="bbox 194 1037 1243 1110; baseline -0.002 -19"><span class='ocrx_word' id='word_1_59' title='bbox 194 1052 266 1091; x_wconf 86' lang='lat' dir='ltr'>tom:</span> <span class='ocrx_word' id='word_1_60' title='bbox 295 1049 439 1108; x_wconf 87' lang='lat' dir='ltr'>utramque</span> <span class='ocrx_word' id='word_1_61' title='bbox 462 1055 554 1089; x_wconf 80' lang='lat' dir='ltr'>rocem</span> <span class='ocrx_word' id='word_1_62' title='bbox 577 1038 674 1090; x_wconf 86' lang='lat' dir='ltr'>omittit</span> <span class='ocrx_word' id='word_1_63' title='bbox 699 1037 767 1090; x_wconf 87' lang='lat' dir='ltr'>Cod.</span> <span class='ocrx_word' id='word_1_64' title='bbox 786 1038 836 1091; x_wconf 81' lang='lat' dir='ltr'>Or.</span> <span class='ocrx_word' id='word_1_65' title='bbox 853 1056 887 1102; x_wconf 72' lang='lat' dir='ltr'>o,-</span> <span class='ocrx_word' id='word_1_66' title='bbox 917 1040 946 1091; x_wconf 90' lang='lat' dir='ltr'>in</span> <span class='ocrx_word' id='word_1_67' title='bbox 964 1037 1014 1092; x_wconf 79' lang='lat'>01.</span> <span class='ocrx_word' id='word_1_68' title='bbox 1036 1057 1086 1110; x_wconf 87' lang='lat' dir='ltr'>pro</span> <span class='ocrx_word' id='word_1_69' title='bbox 1106 1040 1243 1092; x_wconf 72' lang='lat' dir='ltr'>torridum</span> 
     </span>
     <span class='ocr_line' id='line_1_8' title="bbox 194 1123 1242 1198; baseline -0.001 -18"><span class='ocrx_word' id='word_1_70' title='bbox 194 1137 232 1180; x_wconf 80' lang='lat' dir='ltr'>est</span> <span class='ocrx_word' id='word_1_71' title='bbox 250 1126 336 1198; x_wconf 75' lang='lat' dir='ltr'>glossa</span> <span class='ocrx_word' id='word_1_72' title='bbox 357 1126 463 1177; x_wconf 78' lang='lat' dir='ltr'>durem·</span> <span class='ocrx_word' id='word_1_73' title='bbox 498 1123 578 1176; x_wconf 83' lang='lat' dir='ltr'>Drsd.</span> <span class='ocrx_word' id='word_1_74' title='bbox 594 1128 619 1178; x_wconf 79' lang='lat'>4.</span> <span class='ocrx_word' id='word_1_75' title='bbox 638 1125 736 1178; x_wconf 89' lang='lat' dir='ltr'>omittit</span> <span class='ocrx_word' id='word_1_76' title='bbox 753 1126 891 1186; x_wconf 82' lang='lat' dir='ltr'>oratione,·</span> <span class='ocrx_word' id='word_1_77' title='bbox 914 1125 972 1178; x_wconf 73' lang='lat' dir='ltr'>Cre.</span> <span class='ocrx_word' id='word_1_78' title='bbox 986 1130 1012 1179; x_wconf 88' lang='lat'>1.</span> <span class='ocrx_word' id='word_1_79' title='bbox 1030 1145 1087 1179; x_wconf 88' lang='lat' dir='ltr'>non</span> <span class='ocrx_word' id='word_1_80' title='bbox 1106 1125 1185 1179; x_wconf 78' lang='lat' dir='ltr'>hebet</span> <span class='ocrx_word' id='word_1_81' title='bbox 1200 1144 1242 1179; x_wconf 83' lang='lat' dir='ltr'>se-</span> 
     </span>
     <span class='ocr_line' id='line_1_9' title="bbox 194 1210 1242 1286; baseline -0.003 -19"><span class='ocrx_word' id='word_1_82' title='bbox 194 1233 280 1286; x_wconf 87' lang='lat' dir='ltr'>quens</span> <span class='ocrx_word' id='word_1_83' title='bbox 296 1224 342 1272; x_wconf 62' lang='grc' dir='ltr'>«η</span> <span class='ocrx_word' id='word_1_84' title='bbox 371 1212 429 1272; x_wconf 81' lang='lat' dir='ltr'>eius</span> <span class='ocrx_word' id='word_1_85' title='bbox 447 1211 509 1265; x_wconf 85' lang='lat' dir='ltr'>loco</span> <span class='ocrx_word' id='word_1_86' title='bbox 527 1210 627 1268; x_wconf 74' lang='lat' dir='ltr'>Crn2</span> <span class='ocrx_word' id='word_1_87' title='bbox 653 1212 757 1266; x_wconf 78' lang='lat' dir='ltr'>exhibet</span> <span class='ocrx_word' id='word_1_88' title='bbox 775 1214 874 1274; x_wconf 72' lang='lat' dir='ltr'>edom,-</span> <span class='ocrx_word' id='word_1_89' title='bbox 903 1213 970 1266; x_wconf 85' lang='lat' dir='ltr'>Cod.</span> <span class='ocrx_word' id='word_1_90' title='bbox 989 1213 1096 1267; x_wconf 83' lang='lat' dir='ltr'>Suerin.</span> <span class='ocrx_word' id='word_1_91' title='bbox 1116 1224 1174 1264; x_wconf 75' lang='lat' dir='ltr'>tom</span> <span class='ocrx_word' id='word_1_92' title='bbox 1191 1232 1242 1284; x_wconf 90' lang='lat' dir='ltr'>pro</span> 
     </span>
     <span class='ocr_line' id='line_1_10' title="bbox 193 1299 1243 1374; baseline 0.002 -20"><span class='ocrx_word' id='word_1_93' title='bbox 193 1315 347 1374; x_wconf 77' lang='lat' dir='ltr'>tamqnam,</span> <span class='ocrx_word' id='word_1_94' title='bbox 371 1320 402 1353; x_wconf 80' lang='lat' dir='ltr'>ex</span> <span class='ocrx_word' id='word_1_95' title='bbox 427 1318 569 1372; x_wconf 76' lang='lat' dir='ltr'>perperam</span> <span class='ocrx_word' id='word_1_96' title='bbox 596 1299 666 1353; x_wconf 87' lang='lat' dir='ltr'>lento</span> <span class='ocrx_word' id='word_1_97' title='bbox 693 1302 864 1372; x_wconf 85' lang='lat' dir='ltr'>compendio.</span> <span class='ocrx_word' id='word_1_98' title='bbox 901 1300 956 1354; x_wconf 90' lang='lat' dir='ltr'>Pro</span> <span class='ocrx_word' id='word_1_99' title='bbox 981 1302 1147 1370; x_wconf 68' lang='lat' dir='ltr'>splendescat</span> <span class='ocrx_word' id='word_1_100' title='bbox 1173 1321 1243 1356; x_wconf 88' lang='lat' dir='ltr'>nnus</span> 
     </span>
     <span class='ocr_line' id='line_1_11' title="bbox 192 1385 1242 1460; baseline 0.001 -20"><span class='ocrx_word' id='word_1_101' title='bbox 192 1388 261 1443; x_wconf 89' lang='lat' dir='ltr'>Cod.</span> <span class='ocrx_word' id='word_1_102' title='bbox 279 1387 394 1440; x_wconf 81' lang='lat' dir='ltr'>Maontii</span> <span class='ocrx_word' id='word_1_103' title='bbox 415 1385 553 1440; x_wconf 67' lang='lat' dir='ltr'>exhibetis</span> <span class='ocrx_word' id='word_1_104' title='bbox 569 1387 787 1455; x_wconf 71' lang='lat' dir='ltr'>exsplendescent,</span> <span class='ocrx_word' id='word_1_105' title='bbox 806 1407 857 1460; x_wconf 89' lang='lat' dir='ltr'>pro</span> <span class='ocrx_word' id='word_1_106' title='bbox 876 1390 1018 1441; x_wconf 80' lang='lat' dir='ltr'>excolatur</span> <span class='ocrx_word' id='word_1_107' title='bbox 1035 1387 1086 1441; x_wconf 81' lang='lat' dir='ltr'>Ox.</span> <span class='ocrx_word' id='word_1_108' title='bbox 1106 1406 1136 1451; x_wconf 78' lang='grc' dir='ltr'><strong>ψ.</strong></span> <span class='ocrx_word' id='word_1_109' title='bbox 1155 1390 1242 1441; x_wconf 77' lang='lat' dir='ltr'>extol-</span> 
     </span>
     <span class='ocr_line' id='line_1_12' title="bbox 190 1474 1242 1546; baseline 0 -18"><span class='ocrx_word' id='word_1_110' title='bbox 190 1478 278 1531; x_wconf 70' lang='lat' dir='ltr'>teror.</span> <span class='ocrx_word' id='word_1_111' title='bbox 315 1479 346 1528; x_wconf 81' lang='lat' dir='ltr'>tn</span> <span class='ocrx_word' id='word_1_112' title='bbox 369 1474 437 1529; x_wconf 87' lang='lat' dir='ltr'>Cod.</span> <span class='ocrx_word' id='word_1_113' title='bbox 452 1474 526 1528; x_wconf 79' lang='lat' dir='ltr'>Got.</span> <span class='ocrx_word' id='word_1_114' title='bbox 545 1474 579 1528; x_wconf 84' lang='grc' dir='ltr'><strong>Α.</strong></span> <span class='ocrx_word' id='word_1_115' title='bbox 604 1474 631 1526; x_wconf 89' lang='lat' dir='ltr'>in</span> <span class='ocrx_word' id='word_1_116' title='bbox 650 1475 834 1545; x_wconf 81' lang='lat' dir='ltr'>superioribus</span> <span class='ocrx_word' id='word_1_117' title='bbox 852 1487 891 1529; x_wconf 83' lang='lat' dir='ltr'>est</span> <span class='ocrx_word' id='word_1_118' title='bbox 908 1496 960 1528; x_wconf 87' lang='lat' dir='ltr'>non</span> <span class='ocrx_word' id='word_1_119' title='bbox 979 1476 1060 1546; x_wconf 79' lang='lat' dir='ltr'>fior</span> <span class='ocrx_word' id='word_1_120' title='bbox 1085 1477 1242 1541; x_wconf 82' lang='lat' dir='ltr'>dicendo,</span> 
     </span>
     <span class='ocr_line' id='line_1_13' title="bbox 192 1561 956 1634; baseline 0.003 -20"><span class='ocrx_word' id='word_1_121' title='bbox 192 1563 264 1616; x_wconf 85' lang='lat' dir='ltr'>idem</span> <span class='ocrx_word' id='word_1_122' title='bbox 282 1582 345 1616; x_wconf 88' lang='lat' dir='ltr'>cnm</span> <span class='ocrx_word' id='word_1_123' title='bbox 362 1561 422 1615; x_wconf 76' lang='lat' dir='ltr'>cn.</span> <span class='ocrx_word' id='word_1_124' title='bbox 440 1566 464 1618; x_wconf 82' lang='lat' dir='ltr'>t.</span> <span class='ocrx_word' id='word_1_125' title='bbox 484 1561 582 1614; x_wconf 88' lang='lat' dir='ltr'>omittit</span> <span class='ocrx_word' id='word_1_126' title='bbox 599 1572 626 1612; x_wconf 79' lang='lat' dir='ltr'>et</span> <span class='ocrx_word' id='word_1_127' title='bbox 642 1571 704 1614; x_wconf 83' lang='lat' dir='ltr'>onte</span> <span class='ocrx_word' id='word_1_128' title='bbox 721 1573 862 1634; x_wconf 71' lang='lat' dir='ltr'>tanquam.</span> <span class='ocrx_word' id='word_1_129' title='bbox 898 1563 927 1615; x_wconf 85' lang='lat' dir='ltr'>M</span> <span class='ocrx_word' id='word_1_130' title='bbox 936 1584 956 1616; x_wconf 87' lang='lat' dir='ltr'>r.</span> 
     </span>
    </p>

    <p class='ocr_par' dir='ltr' id='par_1_3' title="bbox 265 1648 1243 1723">
     <span class='ocr_line' id='line_1_14' title="bbox 265 1648 1243 1723; baseline 0.003 -19"><span class='ocrx_word' id='word_1_131' title='bbox 265 1657 330 1705; x_wconf 79' lang='lat' dir='ltr'>Cum</span> <span class='ocrx_word' id='word_1_132' title='bbox 347 1653 358 1702; x_wconf 89' lang='lat' dir='ltr'>i</span> <span class='ocrx_word' id='word_1_133' title='bbox 364 1662 401 1702; x_wconf 81' lang='lat' dir='ltr'>ro</span> <span class='ocrx_word' id='word_1_134' title='bbox 417 1650 554 1721; x_wconf 77' lang='lat' dir='ltr'>potorem]</span> <span class='ocrx_word' id='word_1_135' title='bbox 574 1652 623 1699; x_wconf 81' lang='lat' dir='ltr'>Ito</span> <span class='ocrx_word' id='word_1_136' title='bbox 641 1648 714 1702; x_wconf 78' lang='lat' dir='ltr'>abest</span> <span class='ocrx_word' id='word_1_137' title='bbox 732 1668 747 1701; x_wconf 81' lang='lat' dir='ltr'>a</span> <span class='ocrx_word' id='word_1_138' title='bbox 766 1649 871 1703; x_wconf 82' lang='lat' dir='ltr'>dnobus</span> <span class='ocrx_word' id='word_1_139' title='bbox 885 1651 989 1705; x_wconf 84' lang='lat' dir='ltr'>Manut.</span> <span class='ocrx_word' id='word_1_140' title='bbox 1006 1654 1034 1703; x_wconf 90' lang='lat' dir='ltr'>in</span> <span class='ocrx_word' id='word_1_141' title='bbox 1054 1670 1170 1723; x_wconf 85' lang='lat' dir='ltr'>quornm</span> <span class='ocrx_word' id='word_1_142' title='bbox 1187 1670 1243 1707; x_wconf 87' lang='lat' dir='ltr'>uno</span> 
     </span>
    </p>

    <p class='ocr_par' dir='ltr' id='par_1_4' title="bbox 193 1742 376 1795">
     <span class='ocr_line' id='line_1_15' title="bbox 193 1742 376 1795; baseline -0.016 0"><span class='ocrx_word' id='word_1_143' title='bbox 193 1742 312 1795; x_wconf 85' lang='lat' dir='ltr'>additum</span> <span class='ocrx_word' id='word_1_144' title='bbox 331 1751 376 1793; x_wconf 78' lang='lat' dir='ltr'>eet.</span> 
     </span>
    </p>

    <p class='ocr_par' dir='ltr' id='par_1_5' title="bbox 147 1825 1244 2497">
     <span class='ocr_line' id='line_1_16' title="bbox 147 1825 1243 1899; baseline -0.004 -17"><span class='ocrx_word' id='word_1_145' title='bbox 147 1831 152 1836; x_wconf 84' lang='grc'><strong><em>’</em></strong></span> <span class='ocrx_word' id='word_1_146' title='bbox 263 1830 327 1882; x_wconf 79' lang='lat' dir='ltr'>Feci</span> <span class='ocrx_word' id='word_1_147' title='bbox 344 1827 426 1879; x_wconf 80' lang='lat' dir='ltr'>etiam</span> <span class='ocrx_word' id='word_1_148' title='bbox 444 1825 592 1889; x_wconf 71' lang='lat' dir='ltr'>oudodus,</span> <span class='ocrx_word' id='word_1_149' title='bbox 618 1843 700 1898; x_wconf 77' lang='lat' dir='ltr'>quom</span> <span class='ocrx_word' id='word_1_150' title='bbox 718 1826 764 1877; x_wconf 79' lang='lat' dir='ltr'>itte</span> <span class='ocrx_word' id='word_1_151' title='bbox 781 1827 859 1895; x_wconf 79' lang='lat' dir='ltr'>ipse,]</span> <span class='ocrx_word' id='word_1_152' title='bbox 888 1826 954 1879; x_wconf 83' lang='lat' dir='ltr'>cod.</span> <span class='ocrx_word' id='word_1_153' title='bbox 973 1826 1091 1881; x_wconf 67' lang='lat' dir='ltr'>Dodo</span> <span class='ocrx_word' id='word_1_154' title='bbox 1114 1847 1165 1897; x_wconf 92' lang='lat' dir='ltr'>pro</span> <span class='ocrx_word' id='word_1_155' title='bbox 1183 1828 1243 1899; x_wconf 81' lang='lat' dir='ltr'>jeci</span> 
     </span>
     <span class='ocr_line' id='line_1_17' title="bbox 193 1912 1244 1985; baseline -0.003 -14"><span class='ocrx_word' id='word_1_156' title='bbox 193 1918 272 1971; x_wconf 86' lang='lat' dir='ltr'>habet</span> <span class='ocrx_word' id='word_1_157' title='bbox 283 1915 366 1985; x_wconf 63' lang='grc' dir='ltr'>βατὶς</span> <span class='ocrx_word' id='word_1_158' title='bbox 390 1914 462 1967; x_wconf 83' lang='lat' dir='ltr'>idem</span> <span class='ocrx_word' id='word_1_159' title='bbox 481 1912 579 1966; x_wconf 83' lang='lat' dir='ltr'>omittit</span> <span class='ocrx_word' id='word_1_160' title='bbox 595 1914 679 1964; x_wconf 81' lang='lat' dir='ltr'>etiam</span> <span class='ocrx_word' id='word_1_161' title='bbox 696 1932 757 1967; x_wconf 89' lang='lat' dir='ltr'>cum</span> <span class='ocrx_word' id='word_1_162' title='bbox 778 1913 836 1966; x_wconf 74' lang='lat' dir='ltr'>Cre.</span> <span class='ocrx_word' id='word_1_163' title='bbox 855 1917 879 1967; x_wconf 90' lang='lat'>1.</span> <span class='ocrx_word' id='word_1_164' title='bbox 903 1915 983 1967; x_wconf 81' lang='lat' dir='ltr'>Drsd.</span> <span class='ocrx_word' id='word_1_165' title='bbox 1001 1918 1027 1968; x_wconf 74' lang='grc'><strong>5.</strong></span> <span class='ocrx_word' id='word_1_166' title='bbox 1051 1914 1101 1968; x_wconf 80' lang='lat' dir='ltr'>Ox.</span> <span class='ocrx_word' id='word_1_167' title='bbox 1119 1934 1163 1982; x_wconf 68' lang='lat' dir='ltr'>on,</span> <span class='ocrx_word' id='word_1_168' title='bbox 1188 1917 1244 1968; x_wconf 83' lang='lat' dir='ltr'>eins</span> 
     </span>
     <span class='ocr_line' id='line_1_18' title="bbox 190 2001 1244 2073; baseline -0.006 -14"><span class='ocrx_word' id='word_1_169' title='bbox 190 2008 254 2059; x_wconf 79' lang='lat' dir='ltr'>loco</span> <span class='ocrx_word' id='word_1_170' title='bbox 273 2004 323 2057; x_wconf 79' lang='grc' dir='ltr'><strong>Οι.</strong></span> <span class='ocrx_word' id='word_1_171' title='bbox 341 2002 372 2057; x_wconf 80' lang='lat' dir='ltr'>E.</span> <span class='ocrx_word' id='word_1_172' title='bbox 391 2001 570 2064; x_wconf 65' lang='lat' dir='ltr'>hebetentur,</span> <span class='ocrx_word' id='word_1_173' title='bbox 588 2001 683 2056; x_wconf 79' lang='lat' dir='ltr'>Dntsb.</span> <span class='ocrx_word' id='word_1_174' title='bbox 702 2013 738 2056; x_wconf 80' lang='lat' dir='ltr'>et.</span> <span class='ocrx_word' id='word_1_175' title='bbox 774 2003 806 2055; x_wconf 91' lang='lat' dir='ltr'>ln</span> <span class='ocrx_word' id='word_1_176' title='bbox 825 2001 884 2055; x_wconf 74' lang='lat' dir='ltr'>Cro.</span> <span class='ocrx_word' id='word_1_177' title='bbox 906 2007 932 2057; x_wconf 75' lang='lat'>2.</span> <span class='ocrx_word' id='word_1_178' title='bbox 953 2004 1081 2073; x_wconf 84' lang='lat' dir='ltr'>seriptum</span> <span class='ocrx_word' id='word_1_179' title='bbox 1100 2014 1137 2055; x_wconf 80' lang='lat' dir='ltr'>est</span> <span class='ocrx_word' id='word_1_180' title='bbox 1154 2005 1244 2054; x_wconf 85' lang='lat' dir='ltr'>oodo-</span> 
     </span>
     <span class='ocr_line' id='line_1_19' title="bbox 193 2087 1241 2160; baseline -0.001 -16"><span class='ocrx_word' id='word_1_181' title='bbox 193 2095 261 2145; x_wconf 85' lang='lat' dir='ltr'>tius.</span> <span class='ocrx_word' id='word_1_182' title='bbox 305 2089 490 2144; x_wconf 72' lang='lat' dir='ltr'>codd.1)mt.</span> <span class='ocrx_word' id='word_1_183' title='bbox 515 2092 539 2141; x_wconf 86' lang='lat' dir='ltr'>t.</span> <span class='ocrx_word' id='word_1_184' title='bbox 565 2095 589 2141; x_wconf 78' lang='lat'>2.</span> <span class='ocrx_word' id='word_1_185' title='bbox 619 2107 700 2160; x_wconf 83' lang='lat' dir='ltr'>quoni</span> <span class='ocrx_word' id='word_1_186' title='bbox 724 2091 795 2159; x_wconf 77' lang='lat' dir='ltr'>ipoe,</span> <span class='ocrx_word' id='word_1_187' title='bbox 824 2091 921 2144; x_wconf 81' lang='lat' dir='ltr'>omisso</span> <span class='ocrx_word' id='word_1_188' title='bbox 947 2087 1012 2151; x_wconf 79' lang='lat' dir='ltr'>ttte‚·</span> <span class='ocrx_word' id='word_1_189' title='bbox 1043 2088 1111 2143; x_wconf 91' lang='lat' dir='ltr'>Cod.</span> <span class='ocrx_word' id='word_1_190' title='bbox 1134 2087 1241 2143; x_wconf 85' lang='lat' dir='ltr'>Suerin.</span> 
     </span>
     <span class='ocr_line' id='line_1_20' title="bbox 193 2175 1242 2251; baseline 0 -21"><span class='ocrx_word' id='word_1_191' title='bbox 193 2198 273 2251; x_wconf 76' lang='lat' dir='ltr'>quom</span> <span class='ocrx_word' id='word_1_192' title='bbox 293 2180 382 2250; x_wconf 72' lang='lat' dir='ltr'>qood</span> <span class='ocrx_word' id='word_1_193' title='bbox 393 2178 458 2246; x_wconf 84' lang='lat' dir='ltr'>ipse,</span> <span class='ocrx_word' id='word_1_194' title='bbox 477 2176 571 2229; x_wconf 77' lang='lat' dir='ltr'>Duisb.</span> <span class='ocrx_word' id='word_1_195' title='bbox 589 2176 622 2226; x_wconf 83' lang='lat' dir='ltr'>de</span> <span class='ocrx_word' id='word_1_196' title='bbox 641 2175 889 2249; x_wconf 66' lang='lat' dir='ltr'>qno&#39;loquimor.</span> <span class='ocrx_word' id='word_1_197' title='bbox 923 2178 1008 2246; x_wconf 72' lang='lat' dir='ltr'>Quod</span> <span class='ocrx_word' id='word_1_198' title='bbox 1027 2178 1149 2249; x_wconf 79' lang='lat' dir='ltr'>sequitur</span> <span class='ocrx_word' id='word_1_199' title='bbox 1167 2183 1242 2241; x_wconf 79' lang='lat' dir='ltr'>t&#39;oto,</span> 
     </span>
     <span class='ocr_line' id='line_1_21' title="bbox 193 2265 1242 2333; baseline -0.003 -12"><span class='ocrx_word' id='word_1_200' title='bbox 193 2287 255 2321; x_wconf 86' lang='lat' dir='ltr'>cum</span> <span class='ocrx_word' id='word_1_201' title='bbox 274 2266 302 2319; x_wconf 87' lang='lat' dir='ltr'>in</span> <span class='ocrx_word' id='word_1_202' title='bbox 321 2265 388 2318; x_wconf 66' lang='grc' dir='ltr'><strong>(1η.</strong></span> <span class='ocrx_word' id='word_1_203' title='bbox 399 2267 424 2320; x_wconf 89' lang='lat'>1.</span> <span class='ocrx_word' id='word_1_204' title='bbox 440 2275 468 2317; x_wconf 84' lang='lat' dir='ltr'>et</span> <span class='ocrx_word' id='word_1_205' title='bbox 487 2268 511 2316; x_wconf 85' lang='lat'>2.</span> <span class='ocrx_word' id='word_1_206' title='bbox 527 2282 635 2333; x_wconf 82' lang='lat' dir='ltr'>semper</span> <span class='ocrx_word' id='word_1_207' title='bbox 652 2266 785 2318; x_wconf 73' lang='lat' dir='ltr'>scribatur</span> <span class='ocrx_word' id='word_1_208' title='bbox 797 2265 891 2329; x_wconf 75' lang='lat' dir='ltr'>Gotho,</span> <span class='ocrx_word' id='word_1_209' title='bbox 907 2285 965 2318; x_wconf 89' lang='lat' dir='ltr'>non</span> <span class='ocrx_word' id='word_1_210' title='bbox 979 2265 1048 2318; x_wconf 77' lang='lat' dir='ltr'>utin</span> <span class='ocrx_word' id='word_1_211' title='bbox 1065 2265 1242 2318; x_wconf 74' lang='lat' dir='ltr'>monebimus.</span> 
     </span>
     <span class='ocr_line' id='line_1_22' title="bbox 192 2349 1243 2410; baseline -0.004 0"><span class='ocrx_word' id='word_1_212' title='bbox 192 2358 247 2410; x_wconf 90' lang='lat' dir='ltr'>Pro</span> <span class='ocrx_word' id='word_1_213' title='bbox 270 2354 338 2406; x_wconf 77' lang='lat' dir='ltr'>enirn</span> <span class='ocrx_word' id='word_1_214' title='bbox 361 2363 400 2405; x_wconf 79' lang='lat' dir='ltr'>est</span> <span class='ocrx_word' id='word_1_215' title='bbox 424 2362 516 2403; x_wconf 72' lang='lat' dir='ltr'>autem</span> <span class='ocrx_word' id='word_1_216' title='bbox 541 2350 569 2403; x_wconf 86' lang='lat' dir='ltr'>in</span> <span class='ocrx_word' id='word_1_217' title='bbox 595 2349 645 2405; x_wconf 72' lang='lat'>0¹.</span> <span class='ocrx_word' id='word_1_218' title='bbox 664 2351 696 2404; x_wconf 94' lang='lat' dir='ltr'>N.</span> <span class='ocrx_word' id='word_1_219' title='bbox 717 2362 743 2405; x_wconf 86' lang='lat' dir='ltr'>et</span> <span class='ocrx_word' id='word_1_220' title='bbox 760 2352 841 2406; x_wconf 90' lang='lat' dir='ltr'>Drsd.</span> <span class='ocrx_word' id='word_1_221' title='bbox 859 2359 885 2407; x_wconf 83' lang='lat'>4.</span> <span class='ocrx_word' id='word_1_222' title='bbox 921 2353 1077 2406; x_wconf 79' lang='lat' dir='ltr'>Proximum</span> <span class='ocrx_word' id='word_1_223' title='bbox 1096 2356 1128 2405; x_wconf 84' lang='lat' dir='ltr'>dc</span> <span class='ocrx_word' id='word_1_224' title='bbox 1145 2353 1243 2407; x_wconf 87' lang='lat' dir='ltr'>omittit</span> 
     </span>
     <span class='ocr_line' id='line_1_23' title="bbox 193 2440 427 2497; baseline -0.017 0"><span class='ocrx_word' id='word_1_225' title='bbox 193 2441 251 2497; x_wconf 76' lang='lat' dir='ltr'>Cro.</span> <span class='ocrx_word' id='word_1_226' title='bbox 271 2447 297 2496; x_wconf 77' lang='lat'>2.</span> <span class='ocrx_word' id='word_1_227' title='bbox 331 2440 390 2494; x_wconf 81' lang='lat' dir='ltr'>Mn.</span> <span class='ocrx_word' id='word_1_228' title='bbox 424 2470 427 2477; x_wconf 73' lang='grc'><strong>»</strong></span> 
     </span>
    </p>

    <p class='ocr_par' dir='ltr' id='par_1_6' title="bbox 192 2527 1242 2776">
     <span class='ocr_line' id='line_1_24' title="bbox 265 2527 1242 2601; baseline -0.001 -19"><span class='ocrx_word' id='word_1_229' title='bbox 265 2535 308 2583; x_wconf 81' lang='lat' dir='ltr'>De</span> <span class='ocrx_word' id='word_1_230' title='bbox 320 2529 493 2593; x_wconf 82' lang='lat' dir='ltr'>continentia,</span> <span class='ocrx_word' id='word_1_231' title='bbox 512 2528 544 2579; x_wconf 82' lang='lat' dir='ltr'>de</span> <span class='ocrx_word' id='word_1_232' title='bbox 557 2530 652 2595; x_wconf 83' lang='lat' dir='ltr'>morte]</span> <span class='ocrx_word' id='word_1_233' title='bbox 672 2528 812 2594; x_wconf 86' lang='lat' dir='ltr'>„Britanni</span> <span class='ocrx_word' id='word_1_234' title='bbox 829 2529 937 2601; x_wconf 81' lang='lat' dir='ltr'>qnidam</span> <span class='ocrx_word' id='word_1_235' title='bbox 951 2527 1109 2599; x_wconf 66' lang='lat' dir='ltr'>(deerus</span> <span class='ocrx_word' id='word_1_236' title='bbox 1120 2539 1147 2582; x_wconf 87' lang='lat' dir='ltr'>et</span> <span class='ocrx_word' id='word_1_237' title='bbox 1161 2529 1242 2581; x_wconf 79' lang='lat' dir='ltr'>Bent-</span> 
     </span>
     <span class='ocr_line' id='line_1_25' title="bbox 192 2616 1242 2687; baseline -0.002 -15"><span class='ocrx_word' id='word_1_238' title='bbox 192 2618 273 2687; x_wconf 78' lang='lat' dir='ltr'>ieios)</span> <span class='ocrx_word' id='word_1_239' title='bbox 304 2617 444 2687; x_wconf 78' lang='lat' dir='ltr'>corrigunt</span> <span class='ocrx_word' id='word_1_240' title='bbox 477 2616 509 2666; x_wconf 81' lang='lat' dir='ltr'>de</span> <span class='ocrx_word' id='word_1_241' title='bbox 534 2616 723 2671; x_wconf 81' lang='lat' dir='ltr'>contemnendo</span> <span class='ocrx_word' id='word_1_242' title='bbox 750 2630 842 2671; x_wconf 80' lang='lat' dir='ltr'>morte.</span> <span class='ocrx_word' id='word_1_243' title='bbox 884 2636 946 2670; x_wconf 83' lang='lat' dir='ltr'>nam</span> <span class='ocrx_word' id='word_1_244' title='bbox 973 2616 1103 2671; x_wconf 86' lang='lat' dir='ltr'>Catonem</span> <span class='ocrx_word' id='word_1_245' title='bbox 1128 2636 1184 2670; x_wconf 90' lang='lat' dir='ltr'>non</span> <span class='ocrx_word' id='word_1_246' title='bbox 1209 2617 1242 2671; x_wconf 88' lang='lat' dir='ltr'>de</span> 
     </span>
     <span class='ocr_line' id='line_1_26' title="bbox 192 2702 934 2776; baseline -0.001 -17"><span class='ocrx_word' id='word_1_247' title='bbox 192 2718 294 2774; x_wconf 82' lang='lat' dir='ltr'>morte,</span> <span class='ocrx_word' id='word_1_248' title='bbox 314 2707 361 2759; x_wconf 83' lang='lat' dir='ltr'>sed</span> <span class='ocrx_word' id='word_1_249' title='bbox 378 2706 411 2758; x_wconf 86' lang='lat' dir='ltr'>de</span> <span class='ocrx_word' id='word_1_250' title='bbox 430 2705 487 2759; x_wconf 83' lang='lat' dir='ltr'>eins</span> <span class='ocrx_word' id='word_1_251' title='bbox 504 2702 641 2759; x_wconf 68' lang='lat' dir='ltr'>contemtu</span> <span class='ocrx_word' id='word_1_252' title='bbox 664 2703 837 2776; x_wconf 60' lang='lat' dir='ltr'>dimotassef‘</span> <span class='ocrx_word' id='word_1_253' title='bbox 858 2704 934 2758; x_wconf 85' lang='lat' dir='ltr'>Ern.</span> 
     </span>
    </p>

    <p class='ocr_par' dir='ltr' id='par_1_7' title="bbox 191 2791 1295 4256">
     <span class='ocr_line' id='line_1_27' title="bbox 264 2791 1243 2863; baseline -0.005 -18"><span class='ocrx_word' id='word_1_254' title='bbox 264 2799 322 2860; x_wconf 83' lang='lat' dir='ltr'>„De</span> <span class='ocrx_word' id='word_1_255' title='bbox 340 2794 520 2856; x_wconf 74' lang='lat' dir='ltr'>continentia,</span> <span class='ocrx_word' id='word_1_256' title='bbox 550 2793 583 2841; x_wconf 84' lang='lat' dir='ltr'>dc</span> <span class='ocrx_word' id='word_1_257' title='bbox 599 2802 691 2846; x_wconf 81' lang='lat' dir='ltr'>morte.</span> <span class='ocrx_word' id='word_1_258' title='bbox 735 2791 878 2847; x_wconf 76' lang='lat' dir='ltr'>Wallrerus</span> <span class='ocrx_word' id='word_1_259' title='bbox 905 2791 1048 2863; x_wconf 83' lang='lat' dir='ltr'>legendum</span> <span class='ocrx_word' id='word_1_260' title='bbox 1076 2791 1185 2846; x_wconf 88' lang='lat' dir='ltr'>coniicit</span> <span class='ocrx_word' id='word_1_261' title='bbox 1211 2792 1243 2841; x_wconf 85' lang='lat' dir='ltr'>de</span> 
     </span>
     <span class='ocr_line' id='line_1_28' title="bbox 193 2878 1242 2951; baseline -0.007 -15"><span class='ocrx_word' id='word_1_262' title='bbox 193 2880 445 2936; x_wconf 81' lang='lat' dir='ltr'>contemnendo</span> <span class='ocrx_word' id='word_1_263' title='bbox 468 2889 566 2942; x_wconf 82' lang='lat' dir='ltr'>morte,</span> <span class='ocrx_word' id='word_1_264' title='bbox 593 2878 675 2951; x_wconf 85' lang='lat' dir='ltr'>idque</span> <span class='ocrx_word' id='word_1_265' title='bbox 699 2879 796 2950; x_wconf 82' lang='lat' dir='ltr'>probat</span> <span class='ocrx_word' id='word_1_266' title='bbox 815 2879 884 2932; x_wconf 84' lang='lat' dir='ltr'>Tho.</span> <span class='ocrx_word' id='word_1_267' title='bbox 903 2878 1047 2933; x_wconf 80' lang='lat' dir='ltr'>Bentleius.</span> <span class='ocrx_word' id='word_1_268' title='bbox 1090 2879 1152 2931; x_wconf 86' lang='lat' dir='ltr'>Non</span> <span class='ocrx_word' id='word_1_269' title='bbox 1170 2878 1242 2930; x_wconf 72' lang='lat' dir='ltr'>enirn</span> 
     </span>
     <span class='ocr_line' id='line_1_29' title="bbox 192 2964 1243 3039; baseline -0.003 -17"><span class='ocrx_word' id='word_1_270' title='bbox 192 2971 225 3022; x_wconf 88' lang='lat' dir='ltr'>de</span> <span class='ocrx_word' id='word_1_271' title='bbox 244 2980 330 3022; x_wconf 82' lang='lat' dir='ltr'>morte</span> <span class='ocrx_word' id='word_1_272' title='bbox 348 2968 418 3038; x_wconf 83' lang='lat' dir='ltr'>ipsa,</span> <span class='ocrx_word' id='word_1_273' title='bbox 442 2966 488 3020; x_wconf 78' lang='lat' dir='ltr'>sed</span> <span class='ocrx_word' id='word_1_274' title='bbox 507 2966 540 3019; x_wconf 89' lang='lat' dir='ltr'>de</span> <span class='ocrx_word' id='word_1_275' title='bbox 559 2967 759 3039; x_wconf 69' lang='lat' dir='ltr'>contemptione</span> <span class='ocrx_word' id='word_1_276' title='bbox 778 2967 873 3020; x_wconf 88' lang='lat' dir='ltr'>mortis</span> <span class='ocrx_word' id='word_1_277' title='bbox 890 2964 1035 3020; x_wconf 77' lang='lat' dir='ltr'>disserebat</span> <span class='ocrx_word' id='word_1_278' title='bbox 1051 2964 1150 3019; x_wconf 62' lang='lat' dir='ltr'>cans*</span> <span class='ocrx_word' id='word_1_279' title='bbox 1166 2966 1243 3035; x_wconf 40' lang='lat' dir='ltr'>,Lat-</span> 
     </span>
     <span class='ocr_line' id='line_1_30' title="bbox 195 3052 1243 3123; baseline -0.002 -14"><span class='ocrx_word' id='word_1_280' title='bbox 195 3057 385 3109; x_wconf 72' lang='lat' dir='ltr'>iemannos</span> <span class='ocrx_word' id='word_1_281' title='bbox 429 3054 507 3107; x_wconf 81' lang='lat' dir='ltr'>Unus</span> <span class='ocrx_word' id='word_1_282' title='bbox 524 3052 628 3107; x_wconf 77' lang='lat' dir='ltr'>Mannt.</span> <span class='ocrx_word' id='word_1_283' title='bbox 646 3056 680 3106; x_wconf 79' lang='lat' dir='ltr'>de</span> <span class='ocrx_word' id='word_1_284' title='bbox 699 3055 866 3118; x_wconf 67' lang='lat' dir='ltr'>constantio,</span> <span class='ocrx_word' id='word_1_285' title='bbox 891 3054 924 3105; x_wconf 82' lang='lat' dir='ltr'>de</span> <span class='ocrx_word' id='word_1_286' title='bbox 942 3064 1034 3108; x_wconf 86' lang='lat' dir='ltr'>morte.</span> <span class='ocrx_word' id='word_1_287' title='bbox 1069 3053 1105 3108; x_wconf 76' lang='lat' dir='ltr'>At</span> <span class='ocrx_word' id='word_1_288' title='bbox 1122 3056 1165 3123; x_wconf 89' lang='lat' dir='ltr'>(ut</span> <span class='ocrx_word' id='word_1_289' title='bbox 1183 3070 1243 3107; x_wconf 84' lang='lat' dir='ltr'>vere</span> 
     </span>
     <span class='ocr_line' id='line_1_31' title="bbox 193 3141 1242 3213; baseline -0.004 -16"><span class='ocrx_word' id='word_1_290' title='bbox 193 3156 286 3199; x_wconf 89' lang='lat' dir='ltr'>monet</span> <span class='ocrx_word' id='word_1_291' title='bbox 304 3142 419 3211; x_wconf 85' lang='lat' dir='ltr'>Gernh.)</span> <span class='ocrx_word' id='word_1_292' title='bbox 441 3142 476 3194; x_wconf 89' lang='lat' dir='ltr'>de</span> <span class='ocrx_word' id='word_1_293' title='bbox 500 3141 664 3194; x_wconf 78' lang='lat' dir='ltr'>continentia</span> <span class='ocrx_word' id='word_1_294' title='bbox 687 3141 873 3211; x_wconf 79' lang='lat' dir='ltr'>disputabant,</span> <span class='ocrx_word' id='word_1_295' title='bbox 899 3161 934 3195; x_wconf 89' lang='lat' dir='ltr'>ne</span> <span class='ocrx_word' id='word_1_296' title='bbox 952 3152 1065 3213; x_wconf 83' lang='lat' dir='ltr'>propter</span> <span class='ocrx_word' id='word_1_297' title='bbox 1081 3141 1242 3212; x_wconf 82' lang='lat' dir='ltr'>voluptatem</span> 
     </span>
     <span class='ocr_line' id='line_1_32' title="bbox 194 3206 1263 3298; baseline -0.008 -12"><span class='ocrx_word' id='word_1_298' title='bbox 194 3245 238 3288; x_wconf 82' lang='lat' dir='ltr'>aut</span> <span class='ocrx_word' id='word_1_299' title='bbox 258 3206 399 3286; x_wconf 69' lang='lat' dir='ltr'>mittimini</span> <span class='ocrx_word' id='word_1_300' title='bbox 418 3230 514 3285; x_wconf 80' lang='lat' dir='ltr'>institia</span> <span class='ocrx_word' id='word_1_301' title='bbox 529 3240 555 3282; x_wconf 85' lang='lat' dir='ltr'>et</span> <span class='ocrx_word' id='word_1_302' title='bbox 569 3228 698 3281; x_wconf 81' lang='lat' dir='ltr'>modestia</span> <span class='ocrx_word' id='word_1_303' title='bbox 714 3227 924 3298; x_wconf 78' lang='lat' dir='ltr'>relinqueretur:</span> <span class='ocrx_word' id='word_1_304' title='bbox 943 3229 975 3278; x_wconf 81' lang='lat' dir='ltr'>de</span> <span class='ocrx_word' id='word_1_305' title='bbox 990 3238 1082 3292; x_wconf 78' lang='lat' dir='ltr'>mom,</span> <span class='ocrx_word' id='word_1_306' title='bbox 1100 3245 1169 3297; x_wconf 83' lang='lat' dir='ltr'>qnae</span> <span class='ocrx_word' id='word_1_307' title='bbox 1186 3236 1242 3278; x_wconf 83' lang='lat' dir='ltr'>non</span> <span class='ocrx_word' id='word_1_308' title='bbox 1259 3214 1263 3219; x_wconf 58' lang='grc'>’</span> 
     </span>
     <span class='ocr_line' id='line_1_33' title="bbox 194 3314 1242 3386; baseline -0.007 -13"><span class='ocrx_word' id='word_1_309' title='bbox 194 3332 260 3375; x_wconf 81' lang='lat' dir='ltr'>esset</span> <span class='ocrx_word' id='word_1_310' title='bbox 278 3321 437 3384; x_wconf 81' lang='lat' dir='ltr'>metuenda,</span> <span class='ocrx_word' id='word_1_311' title='bbox 465 3329 490 3371; x_wconf 86' lang='lat' dir='ltr'>et</span> <span class='ocrx_word' id='word_1_312' title='bbox 510 3316 631 3371; x_wconf 74' lang='lat' dir='ltr'>similiter</span> <span class='ocrx_word' id='word_1_313' title='bbox 649 3315 820 3386; x_wconf 73' lang='lat' dir='ltr'>dereliquis.</span> <span class='ocrx_word' id='word_1_314' title='bbox 856 3314 901 3368; x_wconf 81' lang='lat' dir='ltr'>Est</span> <span class='ocrx_word' id='word_1_315' title='bbox 922 3314 1001 3367; x_wconf 83' lang='lat' dir='ltr'>etiam</span> <span class='ocrx_word' id='word_1_316' title='bbox 1020 3314 1175 3366; x_wconf 83' lang='lat' dir='ltr'>constantio</span> <span class='ocrx_word' id='word_1_317' title='bbox 1192 3331 1242 3384; x_wconf 89' lang='lat' dir='ltr'>pro</span> 
     </span>
     <span class='ocr_line' id='line_1_34' title="bbox 195 3400 1243 3460; baseline -0.006 0"><span class='ocrx_word' id='word_1_318' title='bbox 195 3409 361 3460; x_wconf 80' lang='lat' dir='ltr'>continentia</span> <span class='ocrx_word' id='word_1_319' title='bbox 380 3409 411 3460; x_wconf 81' lang='lat' dir='ltr'>in</span> <span class='ocrx_word' id='word_1_320' title='bbox 433 3406 501 3459; x_wconf 80' lang='lat' dir='ltr'>cod.</span> <span class='ocrx_word' id='word_1_321' title='bbox 520 3405 628 3458; x_wconf 86' lang='lat' dir='ltr'>Snerin.</span> <span class='ocrx_word' id='word_1_322' title='bbox 646 3414 673 3457; x_wconf 90' lang='lat' dir='ltr'>et</span> <span class='ocrx_word' id='word_1_323' title='bbox 690 3404 718 3456; x_wconf 89' lang='lat' dir='ltr'>io</span> <span class='ocrx_word' id='word_1_324' title='bbox 737 3422 792 3456; x_wconf 79' lang='lat' dir='ltr'>nar.</span> <span class='ocrx_word' id='word_1_325' title='bbox 811 3401 872 3457; x_wconf 79' lang='lat' dir='ltr'>lect.</span> <span class='ocrx_word' id='word_1_326' title='bbox 890 3403 923 3455; x_wconf 82' lang='lat' dir='ltr'>nd</span> <span class='ocrx_word' id='word_1_327' title='bbox 941 3401 1042 3455; x_wconf 80' lang='lat' dir='ltr'>calcem</span> <span class='ocrx_word' id='word_1_328' title='bbox 1060 3400 1111 3453; x_wconf 85' lang='lat' dir='ltr'>Ed.</span> <span class='ocrx_word' id='word_1_329' title='bbox 1128 3401 1159 3453; x_wconf 89' lang='lat' dir='ltr'>P.</span> <span class='ocrx_word' id='word_1_330' title='bbox 1182 3401 1243 3455; x_wconf 82' lang='lat' dir='ltr'>Ma·</span> 
     </span>
     <span class='ocr_line' id='line_1_35' title="bbox 196 3488 1244 3568; baseline -0.007 -19"><span class='ocrx_word' id='word_1_331' title='bbox 196 3497 277 3568; x_wconf 72' lang='lat' dir='ltr'>gnoti.</span> <span class='ocrx_word' id='word_1_332' title='bbox 314 3493 383 3548; x_wconf 78' lang='lat' dir='ltr'>Cot.</span> <span class='ocrx_word' id='word_1_333' title='bbox 401 3494 460 3549; x_wconf 81' lang='lat' dir='ltr'>Cro.</span> <span class='ocrx_word' id='word_1_334' title='bbox 479 3498 506 3546; x_wconf 86' lang='lat' dir='ltr'>t.</span> <span class='ocrx_word' id='word_1_335' title='bbox 524 3492 604 3545; x_wconf 82' lang='lat' dir='ltr'>habet</span> <span class='ocrx_word' id='word_1_336' title='bbox 616 3492 791 3543; x_wconf 79' lang='lat' dir='ltr'>continencia.</span> <span class='ocrx_word' id='word_1_337' title='bbox 828 3491 858 3543; x_wconf 90' lang='lat' dir='ltr'>ln</span> <span class='ocrx_word' id='word_1_338' title='bbox 878 3488 937 3543; x_wconf 78' lang='lat' dir='ltr'>Cro.</span> <span class='ocrx_word' id='word_1_339' title='bbox 953 3494 978 3543; x_wconf 84' lang='lat'>2.</span> <span class='ocrx_word' id='word_1_340' title='bbox 998 3508 1048 3560; x_wconf 91' lang='lat' dir='ltr'>pro</span> <span class='ocrx_word' id='word_1_341' title='bbox 1067 3489 1098 3539; x_wconf 81' lang='lat' dir='ltr'>de</span> <span class='ocrx_word' id='word_1_342' title='bbox 1116 3488 1186 3539; x_wconf 84' lang='lat' dir='ltr'>omni</span> <span class='ocrx_word' id='word_1_343' title='bbox 1205 3499 1244 3542; x_wconf 84' lang='lat' dir='ltr'>est</span> 
     </span>
     <span class='ocr_line' id='line_1_36' title="bbox 196 3577 1244 3655; baseline -0.007 -19"><span class='ocrx_word' id='word_1_344' title='bbox 196 3582 394 3655; x_wconf 79' lang='lat' dir='ltr'>compendium,</span> <span class='ocrx_word' id='word_1_345' title='bbox 412 3580 487 3652; x_wconf 82' lang='lat' dir='ltr'>qood</span> <span class='ocrx_word' id='word_1_346' title='bbox 508 3578 658 3650; x_wconf 78' lang='lat' dir='ltr'>significare</span> <span class='ocrx_word' id='word_1_347' title='bbox 675 3578 780 3630; x_wconf 75' lang='lat' dir='ltr'>ridetur</span> <span class='ocrx_word' id='word_1_348' title='bbox 797 3579 903 3631; x_wconf 85' lang='lat' dir='ltr'>domini.</span> <span class='ocrx_word' id='word_1_349' title='bbox 940 3578 981 3630; x_wconf 79' lang='lat' dir='ltr'>Ad</span> <span class='ocrx_word' id='word_1_350' title='bbox 995 3598 1018 3630; x_wconf 86' lang='lat' dir='ltr'>v.</span> <span class='ocrx_word' id='word_1_351' title='bbox 1031 3578 1063 3629; x_wconf 82' lang='lat' dir='ltr'>de</span> <span class='ocrx_word' id='word_1_352' title='bbox 1078 3577 1149 3630; x_wconf 82' lang='lat' dir='ltr'>omni</span> <span class='ocrx_word' id='word_1_353' title='bbox 1162 3577 1244 3629; x_wconf 78' lang='lat' dir='ltr'>tonde</span> 
     </span>
     <span class='ocr_line' id='line_1_37' title="bbox 193 3663 1244 3741; baseline -0.005 -18"><span class='ocrx_word' id='word_1_354' title='bbox 193 3672 306 3723; x_wconf 74' lang='lat' dir='ltr'>virtutis</span> <span class='ocrx_word' id='word_1_355' title='bbox 319 3670 407 3741; x_wconf 79' lang='lat' dir='ltr'>wyn.</span> <span class='ocrx_word' id='word_1_356' title='bbox 423 3671 454 3721; x_wconf 89' lang='lat' dir='ltr'>in</span> <span class='ocrx_word' id='word_1_357' title='bbox 472 3667 569 3722; x_wconf 67' lang='lat' dir='ltr'>schotto</span> <span class='ocrx_word' id='word_1_358' title='bbox 587 3667 665 3720; x_wconf 82' lang='lat' dir='ltr'>haec:</span> <span class='ocrx_word' id='word_1_359' title='bbox 683 3667 823 3734; x_wconf 84' lang='lat' dir='ltr'>„Virtutes</span> <span class='ocrx_word' id='word_1_360' title='bbox 841 3665 949 3719; x_wconf 78' lang='lat' dir='ltr'>Platoni</span> <span class='ocrx_word' id='word_1_361' title='bbox 963 3674 991 3718; x_wconf 86' lang='lat' dir='ltr'>et</span> <span class='ocrx_word' id='word_1_362' title='bbox 1003 3663 1101 3718; x_wconf 85' lang='lat' dir='ltr'>Stoicis</span> <span class='ocrx_word' id='word_1_363' title='bbox 1117 3674 1244 3735; x_wconf 78' lang='lat' dir='ltr'>quattuor</span> 
     </span>
     <span class='ocr_line' id='line_1_38' title="bbox 194 3750 1244 3825; baseline -0.003 -15"><span class='ocrx_word' id='word_1_364' title='bbox 194 3756 355 3824; x_wconf 58' lang='lat' dir='ltr'>universales</span> <span class='ocrx_word' id='word_1_365' title='bbox 373 3755 503 3809; x_wconf 74' lang='lat' dir='ltr'>celebrari</span> <span class='ocrx_word' id='word_1_366' title='bbox 521 3754 623 3819; x_wconf 78' lang='lat' dir='ltr'>solent,</span> <span class='ocrx_word' id='word_1_367' title='bbox 642 3774 657 3806; x_wconf 88' lang='lat' dir='ltr'>e</span> <span class='ocrx_word' id='word_1_368' title='bbox 677 3753 789 3825; x_wconf 83' lang='lat' dir='ltr'>quibus,</span> <span class='ocrx_word' id='word_1_369' title='bbox 808 3764 936 3825; x_wconf 85' lang='lat' dir='ltr'>tanquam</span> <span class='ocrx_word' id='word_1_370' title='bbox 956 3751 1107 3822; x_wconf 74' lang='lat' dir='ltr'>generibus,</span> <span class='ocrx_word' id='word_1_371' title='bbox 1125 3750 1244 3823; x_wconf 82' lang='lat' dir='ltr'>reliquae</span> 
     </span>
     <span class='ocr_line' id='line_1_39' title="bbox 194 3839 1244 3914; baseline -0.005 -19"><span class='ocrx_word' id='word_1_372' title='bbox 194 3843 301 3897; x_wconf 75' lang='lat' dir='ltr'>virtutes</span> <span class='ocrx_word' id='word_1_373' title='bbox 319 3853 540 3914; x_wconf 74' lang='lat' dir='ltr'>consequuntur,</span> <span class='ocrx_word' id='word_1_374' title='bbox 555 3841 931 3909; x_wconf 70' lang='lat' dir='ltr'>1noctenrio,renqoeranria‚</span> <span class='ocrx_word' id='word_1_375' title='bbox 944 3839 1103 3910; x_wconf 82' lang='lat' dir='ltr'>fortitudo,</span> <span class='ocrx_word' id='word_1_376' title='bbox 1125 3840 1244 3896; x_wconf 80' lang='lat' dir='ltr'>iustitio.</span> 
     </span>
     <span class='ocr_line' id='line_1_40' title="bbox 193 3926 1244 4001; baseline -0.005 -18"><span class='ocrx_word' id='word_1_377' title='bbox 193 3934 249 3984; x_wconf 74' lang='lat' dir='ltr'>lem</span> <span class='ocrx_word' id='word_1_378' title='bbox 268 3941 427 4001; x_wconf 76' lang='lat' dir='ltr'>argumenta</span> <span class='ocrx_word' id='word_1_379' title='bbox 441 3929 467 3982; x_wconf 85' lang='lat' dir='ltr'>h.</span> <span class='ocrx_word' id='word_1_380' title='bbox 479 3929 497 3985; x_wconf 86' lang='lat' dir='ltr'>t.</span> <span class='ocrx_word' id='word_1_381' title='bbox 517 3938 674 3992; x_wconf 84' lang='lat' dir='ltr'>memorata,</span> <span class='ocrx_word' id='word_1_382' title='bbox 689 3926 772 3981; x_wconf 79' lang='lat' dir='ltr'>retnti</span> <span class='ocrx_word' id='word_1_383' title='bbox 787 3927 946 3998; x_wconf 72' lang='lat' dir='ltr'>magnitudo</span> <span class='ocrx_word' id='word_1_384' title='bbox 964 3927 1056 3993; x_wconf 82' lang='lat' dir='ltr'>animi,</span> <span class='ocrx_word' id='word_1_385' title='bbox 1075 3936 1244 3994; x_wconf 89' lang='lat' dir='ltr'>contemptus</span> 
     </span>
     <span class='ocr_line' id='line_1_41' title="bbox 191 4012 1295 4089; baseline -0.009 -19"><span class='ocrx_word' id='word_1_386' title='bbox 191 4018 295 4084; x_wconf 81' lang='lat' dir='ltr'>mortis,</span> <span class='ocrx_word' id='word_1_387' title='bbox 314 4018 450 4089; x_wconf 87' lang='lat' dir='ltr'>pertinent</span> <span class='ocrx_word' id='word_1_388' title='bbox 467 4016 500 4069; x_wconf 88' lang='lat' dir='ltr'>ad</span> <span class='ocrx_word' id='word_1_389' title='bbox 522 4015 714 4079; x_wconf 79' lang='lat' dir='ltr'>fortitudinem,</span> <span class='ocrx_word' id='word_1_390' title='bbox 731 4014 898 4067; x_wconf 78' lang='lat' dir='ltr'>continentia</span> <span class='ocrx_word' id='word_1_391' title='bbox 916 4023 954 4066; x_wconf 77' lang='lat' dir='ltr'>est</span> <span class='ocrx_word' id='word_1_392' title='bbox 969 4032 1031 4083; x_wconf 85' lang='lat' dir='ltr'>pars</span> <span class='ocrx_word' id='word_1_393' title='bbox 1044 4012 1244 4084; x_wconf 78' lang='lat' dir='ltr'>temperantiae,</span> <span class='ocrx_word' id='word_1_394' title='bbox 1291 4028 1295 4037; x_wconf 56' lang='lat'>¹</span> 
     </span>
     <span class='ocr_line' id='line_1_42' title="bbox 193 4095 1243 4175; baseline -0.013 -16"><span class='ocrx_word' id='word_1_395' title='bbox 193 4104 282 4159; x_wconf 78' lang='lat' dir='ltr'>officia</span> <span class='ocrx_word' id='word_1_396' title='bbox 302 4122 365 4175; x_wconf 78' lang='lat' dir='ltr'>erga</span> <span class='ocrx_word' id='word_1_397' title='bbox 384 4106 449 4158; x_wconf 87' lang='lat' dir='ltr'>deos</span> <span class='ocrx_word' id='word_1_398' title='bbox 466 4105 632 4158; x_wconf 78' lang='lat' dir='ltr'>immortates</span> <span class='ocrx_word' id='word_1_399' title='bbox 646 4115 672 4158; x_wconf 85' lang='lat' dir='ltr'>et</span> <span class='ocrx_word' id='word_1_400' title='bbox 691 4101 803 4175; x_wconf 79' lang='lat' dir='ltr'>patriam</span> <span class='ocrx_word' id='word_1_401' title='bbox 823 4101 940 4155; x_wconf 80' lang='lat' dir='ltr'>subiecta</span> <span class='ocrx_word' id='word_1_402' title='bbox 959 4113 1021 4154; x_wconf 81' lang='lat' dir='ltr'>sunt</span> <span class='ocrx_word' id='word_1_403' title='bbox 1038 4100 1159 4154; x_wconf 82' lang='lat' dir='ltr'>iustitiae.</span> <span class='ocrx_word' id='word_1_404' title='bbox 1201 4095 1243 4146; x_wconf 88' lang='lat' dir='ltr'>De</span> 
     </span>
     <span class='ocr_line' id='line_1_43' title="bbox 192 4179 1242 4256; baseline -0.01 -9"><span class='ocrx_word' id='word_1_405' title='bbox 192 4195 230 4248; x_wconf 81' lang='lat' dir='ltr'>his</span> <span class='ocrx_word' id='word_1_406' title='bbox 257 4194 383 4248; x_wconf 78' lang='lat' dir='ltr'>omnibus</span> <span class='ocrx_word' id='word_1_407' title='bbox 400 4191 469 4247; x_wconf 89' lang='lat' dir='ltr'>Cato</span> <span class='ocrx_word' id='word_1_408' title='bbox 494 4192 582 4246; x_wconf 84' lang='lat' dir='ltr'>dicere</span> <span class='ocrx_word' id='word_1_409' title='bbox 607 4192 674 4246; x_wconf 80' lang='lat' dir='ltr'>solet</span> <span class='ocrx_word' id='word_1_410' title='bbox 698 4189 805 4256; x_wconf 82' lang='lat' dir='ltr'>Stoice,</span> <span class='ocrx_word' id='word_1_411' title='bbox 834 4189 851 4241; x_wconf 82' lang='grc' dir='ltr'><strong>ἰ.</strong></span> <span class='ocrx_word' id='word_1_412' title='bbox 871 4207 893 4242; x_wconf 84' lang='lat' dir='ltr'>e.</span> <span class='ocrx_word' id='word_1_413' title='bbox 920 4188 1068 4242; x_wconf 69' lang='lat' dir='ltr'>meandum</span> <span class='ocrx_word' id='word_1_414' title='bbox 1092 4179 1242 4236; x_wconf 66' lang='lat' dir='ltr'>doctrinam</span> 
     </span>
    </p>
   </div>
   <div class='ocr_carea' id='block_1_3' title="bbox 0 0 1537 4925">
    <p class='ocr_par' dir='ltr' id='par_1_8' title="bbox 0 0 1537 4925">
     <span class='ocr_line' id='line_1_44' title="bbox 0 0 1537 4925; baseline 0 0"><span class='ocrx_word' id='word_1_415' title='bbox 0 0 1537 4925; x_wconf 95' lang='lat' dir='ltr'> </span> 
     </span>
    </p>
   </div>
  </div>
 </body>
</html>
