3059 4925
572 489 772 538 ruruooxou
795 491 829 536 ιι.
1184 472 1233 543 97

109 710 120 731 ι
176 649 283 721 quidem
303 647 336 700 ad
363 647 487 698 secundia
502 647 590 699 ¹rainu
616 647 701 701 addit:
738 647 795 701 icil.
822 648 947 715 civitatis.
977 651 1010 703 ad
1035 654 1169 707 adversio:
1193 674 1230 709 se.

178 737 307 806 propriis;
326 735 358 788 ad
377 746 536 788 structuram
556 754 618 788 cum
638 736 895 807 praepositionibuse
920 737 1002 803 ‚,sed,
1028 758 1111 810 quum
1136 761 1184 811 per
1204 763 1231 795 se

177 824 354 895 intelligatur,
374 841 450 886 eum,
470 823 516 894 qui
533 823 590 893 ipse
609 822 638 873 iu
657 823 780 876 secundis
797 824 877 886 rebus
901 824 945 889 sit,
972 843 1026 877 esse
1050 826 1231 891 fortunatum

176 914 196 965 si
216 911 440 985 praepositionem
461 911 604 983 utrobique
625 911 748 975 retineas,
767 910 911 981 legendum
931 912 981 965 erit
1000 932 1062 965 cum
1079 913 1159 966 Bern.
1169 914 1229 969 Bas.

177 999 522 1070 exsortuna'tieaimia,
553 998 615 1069 quia
634 1017 697 1051 sane
716 1000 804 1050 maior
828 1000 952 1052 fortunae
971 1001 1078 1071 'gradus
1104 1001 1231 1054 accedere

167 1088 291 1157 .potest.“
327 1085 409 1137 Recte
427 1096 520 1138 monet
538 1084 650 1138 Beierus
667 1085 701 1139 ad
721 1086 793 1138 Lael.
804 1090 847 1150 16,
856 1090 900 1139 54.
918 1086 964 1155 (ad
984 1105 1003 1138 v.
1024 1088 1075 1138 itta
1092 1087 1230 1156 superbia)

177 1193 232 1227 esse
249 1172 392 1226 ablativum
413 1172 573 1227 absolutum.
611 1174 718 1228 Habent
736 1174 815 1228 etiam
833 1172 899 1227 Oxx.
917 1173 937 1227 l.
955 1173 987 1226 N.
1005 1173 1085 1227 Drstl.
1103 1177 1128 1226 1.
1149 1177 1173 1228 3.
1198 1193 1231 1226 ex

172 1262 460 1333 fortunatissimis.
497 1262 557 1315 Mr.

247 1383 388 1449 adversim]
426 1386 465 1432 Ιη
484 1383 605 1434 aduersis
623 1381 818 1436 liabentCodd.
829 1383 908 1437 MSS.
920 1396 946 1438 et
964 1384 1030 1436 Edd.
1050 1385 1104 1436 fere
1123 1402 1229 1435 omnes:

178 1491 226 1523 nos
246 1490 308 1523 cum
329 1469 420 1540 paucis
438 1467 523 1521 Codd.
541 1468 624 1537 (Pith.
643 1468 739 1525 Grai.
757 1472 797 1538 3.)
815 1470 884 1524 Edd.
904 1470 1000 1526 Graev.
1013 1472 1097 1524 Gern.
1117 1470 1181 1532 Or.;
1201 1490 1230 1521 ex

178 1558 287 1629 quibus,
307 1557 340 1609 ad
361 1555 456 1609 Orellii
476 1558 636 1609 sententiam
658 1569 730 1610 recte
760 1569 852 1611 monet
870 1558 990 1628 Geruli„
1019 1561 1127 1613 absente
1152 1577 1231 1629 prae·

178 1645 308 1717 positione
326 1644 451 1716 cogitari:
477 1645 541 1697 dum
562 1665 604 1698 res
623 1651 700 1698 erint
717 1646 850 1699 secundae
876 1647 914 1699 rel
939 1647 1078 1709 adversae3
1106 1645 1230 1697 secundis

176 1734 205 1783 in
223 1732 300 1785 rebus
318 1753 385 1787 esse:
405 1733 480 1786 cuius
493 1754 535 1786 res
554 1743 631 1786 erant
647 1734 793 1786 secundae:
812 1733 955 1805 laudatque
973 1733 1052 1786 Anat.
1070 1733 1229 1786 adllerenn.

177 1819 224 1886 lV,
243 1825 286 1887 16,
306 1815 419 1874 242'ubi
438 1831 489 1875 est:
513 1825 618 1873 Errant
637 1822 733 1891 quiin
750 1823 932 1890 prosperis
951 1821 1055 1872 rebus
1074 1838 1161 1871 onmes
1179 1818 1230 1868 im-

175 1919 256 1977 petui
269 1909 405 1979 fortunae
423 1927 451 1960 re
471 1918 576 1977 putant
595 1908 716 1979 fugisse.
758 1910 901 1972 Sapienter
925 1912 1060 1978 cogitant,
1086 1907 1133 1978 qui
1150 1918 1228 1957 tem-

177 1995 324 2065 poribus
343 1997 508 2048 secundis
531 2014 611 2048 carui
634 1996 760 2047 adversor
785 1995 972 2065 reformidant.
1007 1992 1038 2046 ln
1054 1991 1228 2047 Cod.Cra.2.

177 2095 237 2155 post
255 2084 322 2135 viris
341 2083 436 2136 desunt
455 2084 533 2136 rerba
554 2082 697 2135 videbatur
716 2102 800 2154 usque
819 2082 851 2135 ad
872 2084 956 2135 vires:
985 2080 1069 2135 oculis
1093 2081 1193 2134 librarii
1214 2101 1227 2134 a

178 2172 243 2223 viris
261 2171 294 2224 ad
315 2172 385 2224 vires
421 2171 621 2233 aberrantibus;
640 2168 685 2221 sed
704 2188 797 2221 errore
816 2169 999 2223 animadverso
1023 2188 1102 2241 supra
1131 2169 1228 2221 lineam

179 2258 266 2311 addita
285 2269 355 2312 sunt.
392 2259 421 2310 ln
441 2257 500 2311 Crz.
520 2261 545 2310 1.
564 2257 644 2310 Drsd.
665 2261 688 2309 5.
714 2268 753 2310 est
779 2259 887 2308 summis
911 2256 1101 2309 videbatur
1127 2257 1228 2318 uiris,

178 2347 269 2417 Pergit
287 2344 345 2399 Cri.
357 2350 381 2399 1.
408 2366 470 2398 curn
488 2346 612 2398 Drsdni.
636 2363 688 2415 quo
713 2344 819 2395 beatius
843 2344 913 2395 nihil
928 2362 985 2395 erre
1004 2342 1113 2394 mortali
1127 2351 1228 2410 pateat.

103 2466 104 2469 =
177 2435 257 2489 Drsd.
276 2439 301 2489 l.
321 2437 347 2489 3.
372 2425 429 2487 Cra.
450 2439 474 2487 2.
504 2452 556 2505 quo
575 2431 679 2482 beatius
698 2430 807 2505 mortali
825 2430 895 2482 nihil
912 2440 968 2483 eise
982 2439 1090 2498 potem
1115 2426 1229 2481 Drsdo.

178 2523 227 2575 Ox.
242 2524 273 2577 E.
284 2545 308 2593 η.
328 2521 535 2574 mortalibus
553 2519 629 2583 nihil,
647 2517 774 2572 Drsd.4.:
793 2518 863 2570 nihil
880 2519 1034 2570 mortalium
1048 2528 1113 2572 erae.
1140 2514 1228 2576 Onu.

179 2611 276 2664 omittit
293 2612 410 2662 mortali.
448 2608 519 2661 Gud.
539 2609 571 2660 Α.
591 2606 670 2659 habet
688 2607 773 2658 nichil
785 2616 877 2676 potest
895 2625 952 2657 esre
977 2605 1094 2657 mortali.
1143 2605 1184 2656 Ad
1205 2625 1226 2660 r.

179 2718 235 2750 esse
256 2699 316 2752 Atd.
333 2698 407 2751 Man.
425 2696 571 2750 annotavit:
590 2695 607 2748 i.
626 2713 648 2748 e.
666 2694 831 2765 contingere.
867 2692 927 2746 ΜΓ.

252 2840 358 2902 Nescio,
375 2840 482 2922 insane,
501 2839 612 2905 rresaim]
631 2837 689 2902 „td
708 2835 857 2889 Antonium
876 2835 929 2888 hoo
947 2833 1077 2896 refertur,
1101 2833 1128 2884 in
1149 2852 1228 2904 quem

180 2937 233 2978 tota
253 2927 373 2980 oratione
399 2925 524 2978 invehit.“
544 2924 719 2978 Aluum.
755 2924 818 2990 „Ad
838 2921 986 2974 Antonium
1013 2921 1134 2973 referunt
1160 2941 1229 2973 non-

170 3014 254 3066 nulli.
290 3013 342 3066 Sed
362 3032 424 3066 eum
444 3014 471 3065 in
491 3031 648 3066 communes
671 3012 745 3066 locos
770 3012 835 3064 haec
852 3009 988 3062 Paradoxa
1017 3006 1162 3059 coniecerit
1181 3005 1228 3058 ci-

179 3118 258 3167 cero,
276 3103 330 3153 veri
348 3101 460 3153 similius
475 3112 530 3166 eit,
549 3120 701 3154 sermonem
719 3099 853 3155 infinitum
873 3116 942 3162 esse,
969 3095 996 3147 id
1016 3105 1054 3147 est
1073 3094 1107 3146 ad
1125 3094 1241 3154 nullam,

178 3199 276 3242 certam
297 3207 439 3258 personam
458 3198 483 3240 et
503 3187 639 3240 definitam
659 3188 805 3251 directum,
830 3186 874 3238 sed
888 3185 934 3236 »ad
961 3180 1133 3254 quemlibet.“
1155 3181 1227 3234 Fre.

178 3277 269 3347 Sylr.
309 3277 416 3343 „Finita
441 3275 562 3347 quaestio
581 3286 633 3327 est:
657 3276 685 3326 in
705 3274 854 3326 Antonium
873 3270 1004 3322 invehitur
1024 3269 1107 3319 tota.“
1138 3267 1227 3337 Xyst.

177 3362 288 3418 Betul.
327 3365 494 3430 „Antonium
514 3363 654 3433 intelligit,
674 3375 719 3415 aut
736 3359 862 3414 Clodium
883 3360 1007 3422 fortasse,
1027 3354 1147 3426 quamvis
1163 3355 1226 3407 olim

179 3469 292 3518 caesum,
312 3465 341 3505 ut
360 3463 385 3504 et
402 3450 537 3505 Crassum.
575 3449 742 3517 Quoaenim
759 3447 831 3500 viros
849 3466 904 3500 nou
923 3443 1026 3516 potuit,
1048 3452 1167 3493 mortuos
1185 3442 1228 3494 ul-

178 3523 293 3592 eiscitur·
329 3539 397 3592 Nam
416 3540 443 3592 in
463 3538 515 3591 boc
534 3537 624 3591 libello
644 3538 711 3591 adeo
726 3536 818 3589 Stoico
838 3535 876 3587 rel
896 3533 1008 3585 maxime
1026 3528 1167 3582 affectibus
1184 3528 1227 3581 in·

121 3626 124 3631 ’
178 3625 285 3681 dulsisse
304 3629 406 3680 ridetur
425 3625 536 3692 Cicero,
566 3644 634 3696 quos
657 3625 695 3677 illi
712 3624 823 3695 »penitus
841 3621 989 3674 resecant.“
1014 3617 1103 3670 Hier.
1122 3614 1226 3669 Wott.

178 3714 208 3766 ln
225 3714 350 3768 Antonio·
364 3715 543 3785 plurimorum
565 3713 643 3766 hodie
662 3730 773 3783 quoque
790 3711 966 3780 interpretum
996 3702 1141 3757 sententiae
1160 3722 1227 3756 con-

179 3802 300 3855 veniunt:
332 3821 400 3872 quae
426 3802 504 3854 etiam
533 3801 708 3872 glossatorum
734 3799 901 3852 coniecturas
928 3797 957 3848 in
986 3793 1064 3845 verba
1090 3787 1227 3844 Ciceronis

178 3901 297 3945 contexta
316 3889 438 3943 intrusit..
469 3888 515 3941 Est
533 3890 604 3945 enim
624 3890 651 3940 in
671 3887 739 3940 cot.
757 3885 817 3940 Cra.
829 3891 867 3939 *12
886 3884 971 3936 naeus
986 3878 1227 3933 amaricantium

177 3978 277 4040 nereio,
295 3994 461 4049 quamquam
480 3976 561 4029 altera
580 3992 674 4028 manus
695 3993 795 4026 nomen
815 3975 862 4042 (m.
875 3971 915 4039 a.)
930 3966 1066 4040 expunxit3
1084 3963 1149 4018 Ou.
1161 3964 1190 4015 E.
1200 3982 1226 4025 u.

176 4062 269 4114 ineam
283 4081 305 4112 o
324 4065 417 4114 Marce
435 4063 555 4121 Antoni,
573 4061 625 4116 Ox.
645 4062 664 4117 l.
684 4062 779 4117 insane
797 4064 836 4112 M.
854 4057 987 4115 Antonii‚·
1005 4050 1085 4107 Drsd.
1102 4055 1133 4104 4:
1153 4071 1167 4100 o
1184 4051 1226 4099 iu-

176 4164 255 4213 rene,
281 4168 296 4200 o
323 4151 436 4204 Antoni.
483 4149 554 4203 Gud.
572 4149 605 4203 A.
633 4151 739 4201 insane.=
755 4167 771 4200 o
796 4147 899 4200 antoni.
936 4143 988 4196 Sed
1016 4138 1096 4193 Drsd.
1113 4142 1138 4189 1.
1158 4146 1183 4186 et
1201 4136 1226 4187 3.

176 4237 286 4288 nesciero
303 4236 393 4288 insoni
411 4239 528 4307 nescitis.
570 4238 653 4306 Quod
672 4248 759 4292 autem
789 4236 825 4289 ait
843 4231 944 4286 Geruli.
964 4227 1084 4298 Sylvium
1103 4234 1128 4275 et
1146 4220 1228 4272 Betu-

979 4318 1001 4386 7
