3059 4925
302 479 374 552 166
625 500 799 548 rinsuoxs
825 500 1018 549 sroiconuu.

297 663 379 717 stulti
395 663 545 715 insaniunt·
582 660 634 713 Sed
655 659 719 713 illud
737 661 816 715 lrodie
835 680 890 715 nou
908 674 995 715 exstat.
1044 662 1163 717 Tantum
1181 664 1345 736 principium

296 751 355 805 eius
373 750 507 821 reliquum
533 758 570 801 est
594 748 758 801 huiusmodi:
788 754 846 822 Ego
871 770 932 803 vero
958 762 986 801 te
1006 780 1038 789 —-
1060 750 1138 802 rebus
1162 752 1346 803 advincam

298 838 463 890 necessariis.
509 835 635 907 Reliqua,
666 855 735 907 quae
754 849 919 910 sequuntur,
947 837 1012 891 nihil
1040 856 1102 891 cum
1130 837 1181 891 hoc
1208 837 1345 891 Paradoro

299 945 442 981 commune
461 923 574 987 babent,
593 923 637 976 scd
659 922 732 976 aliud
748 925 864 995 probare
882 926 1041 992 intendunt,
1069 924 1155 977 solum
1181 923 1281 977 scilicet
1297 942 1345 975 sa·
1372 933 1376 941 ’

294 1016 411 1084 pientem
430 1031 485 1066 esse
503 1013 599 1064 civeme
619 1029 706 1063 ornnes
725 1021 817 1064 autem
835 1012 935 1064 stultos
951 1031 1007 1064 csse
1024 1014 1123 1065 exules.
1166 1011 1268 1063 Mirum
1283 1028 1344 1063 vero

298 1120 349 1154 uec
367 1095 515 1162 Lambirio,
540 1118 592 1152 nec
618 1097 719 1169 lenglo
744 1117 796 1151 nec
824 1098 874 1169 ipsi
902 1099 1018 1171 denique
1038 1100 1184 1165 Turnebo,
1213 1100 1344 1152 maiorum

298 1187 419 1258 gentium
438 1186 539 1252 critico,
559 1186 611 1239 hoc
627 1184 787 1239 suboluisse:
807 1187 915 1239 namin
934 1187 1057 1241 Manutio
1076 1186 1141 1239 nilril
1155 1186 1207 1241 boc
1221 1187 1280 1240 nori
1293 1198 1344 1240 est:

299 1273 497 1327 ariolarienim
515 1293 572 1327 non
593 1273 693 1327 didicit.
738 1272 832 1341 Quare
856 1275 877 1327 si
897 1275 956 1347 quis
972 1273 1063 1328 locum
1080 1273 1157 1327 illum
1176 1273 1300 1346 supplere
1319 1284 1345 1325 et

299 1361 498 1432 deperditorum
517 1361 646 1415 iacturam
665 1360 763 1415 sarcire
784 1361 858 1428 velit,
878 1381 924 1428 ea,
948 1382 1017 1434 quae
1034 1381 1090 1416 non
1109 1362 1222 1434 longea
1244 1361 1346 1432 princi·

298 1450 344 1520 pio
363 1448 432 1502 tertii
450 1447 665 1503 Tusculanarum
683 1447 744 1501 libri
773 1449 844 1520 apud
863 1449 1021 1504 Ciceronem
1041 1449 1181 1521 leguntur,
1204 1448 1278 1501 illinc
1303 1467 1345 1500 as·

298 1555 402 1588 sumere
420 1547 500 1608 atque
526 1536 579 1589 huc
596 1535 739 1590 transferre
759 1536 866 1590 debet.“
911 1538 1066 1608 Scioppius:
1085 1535 1237 1606 (Elementa
1247 1533 1345 1587 Philus

298 1623 404 1677 Stoicae
423 1622 548 1690 Moralis,
568 1644 626 1695 cap.
644 1626 706 1678 129.
724 1643 750 1693 p.
769 1622 827 1692 Π.)
891 1681 896 1692 ‚

369 1705 422 1763 ira
436 1714 497 1770 πᾶε
516 1710 628 1782 ‘’luem'‘
646 1712 826 1778 μαίνεταιι]
871 1711 931 1777 „De
951 1712 1003 1766 hoc
1021 1712 1159 1766 Paradoxo
1178 1711 1273 1766 Cicero
1292 1710 1345 1781 egit

297 1799 391 1853 Tusco.
411 1797 527 1870 Disputt.
548 1798 595 1866 IV,
617 1803 660 1864 25,
679 1803 722 1853 54.
770 1797 834 1850 Eius
860 1810 948 1853 autem
972 1819 1063 1853 sensus
1081 1799 1243 1872 aperiundus
1261 1811 1299 1854 εει
1316 1819 1359 1854 ex.

297 1886 490 1958 significatione
507 1886 624 1939 nominis
635 1884 722 1958 ἄφρων
733 1897 759 1941 ει
777 1887 848 1939 serbi
867 1893 1016 1949 μαίνεσθαι.
1052 1887 1125 1959 Ergo
1143 1886 1232 1956 ἄφρων
1249 1886 1345 1940 dicitur

297 1974 334 2040 is,
354 1974 399 2046 qui
418 1991 474 2028 non
493 1985 531 2028 est
549 1970 684 2045 φρόνιμος,
705 1973 835 2045 prudens:
853 1976 999 2044 prudentia
1017 1986 1105 2029 autem
1124 1987 1161 2029 est
1185 1974 1345 2027 fundamen-

298 2074 356 2116 tum
376 2062 456 2116 trium
475 2061 639 2132 reliquarum
659 2061 801 2126 virtutum,
819 2061 1012 2132 fortitudinis,
1039 2063 1246 2135 temperantiae,
1264 2061 1344 2113 iusti-

298 2148 369 2212 tiae,
388 2159 536 2219 quaesunt
555 2149 702 2219 practicae,
727 2167 789 2202 cum
814 2149 869 2222 ipsa
887 2150 919 2204 sit
938 2150 1091 2205 theoretica.
1134 2150 1207 2222 Ergo
1226 2147 1345 2221 φρὸνιμοε

300 2254 380 2288 nemo
399 2246 437 2289 est
453 2235 503 2288 nisi
521 2236 637 2307 sapiens:
663 2249 689 2292 et
708 2239 754 2309 qui
779 2257 836 2291 non
855 2251 893 2293 est
911 2240 1028 2310 sapiens,
1053 2239 1151 2293 dicitur
1176 2236 1278 2308 ἄφρων,
1306 2237 1345 2288 la-

278 2324 354 2375 ·tiue
373 2323 491 2388 stultus,
511 2324 584 2396 quod
603 2337 641 2379 est
659 2344 673 2378 a
693 2326 827 2397 primitivo
855 2326 924 2379 stolo
949 2337 975 2380 et
993 2338 1067 2380 notat
1084 2326 1237 2392 caudicem,
1267 2335 1343 2378 trun-

300 2431 361 2468 cum
380 2411 461 2485 ligni,
481 2413 576 2468 deinde
594 2433 642 2486 per
660 2410 809 2486 μεταφορᾱν
828 2414 925 2469 dicitur
942 2415 975 2468 de
994 2414 1146 2469 hominibus
1171 2413 1281 2485 ingenio
1299 2432 1344 2467 ca-

299 2502 418 2555 rentibus
438 2502 478 2556 vel
496 2503 591 2569 tardis,
617 2503 746 2577 imperitis
774 2502 813 2556 rel
837 2503 915 2557 etiam
941 2503 1022 2556 nimia
1047 2522 1074 2556 se
1093 2502 1239 2556 mobilitate
1257 2499 1345 2573 profe

299 2590 431 2643 rentibus:
450 2592 521 2644 unde
540 2602 578 2644 est
596 2590 707 2646 latinum
725 2591 857 2657 stolidus,
877 2611 906 2644 ex
925 2591 1017 2644 eadem
1037 2590 1149 2662 origine.
1185 2588 1241 2643 lam
1261 2607 1351 2661 quum,

301 2676 423 2730 stultitiae
443 2678 519 2731 multi
537 2679 589 2731 sint
607 2679 718 2749 gradus,
743 2698 864 2732 summus
888 2678 1002 2732 babetur
1026 2678 1124 2750 gradus
1147 2684 1227 2739 μανία
1244 2697 1264 2729 s.
1283 2683 1346 2738 μαί-

300 2763 528 2832 αεσθαι,1υιεεε,
552 2764 677 2819 insanire.
732 2764 825 2837 ltaque
845 2766 963 2819 ridemus
990 2765 1041 2820 hoc
1058 2765 1214 2820 Paradoxon
1233 2764 1261 2817 in
1281 2747 1346 2817 ean-

301 2848 361 2903 dem
380 2849 498 2905 incidere
515 2852 745 2926 ipcredibilitatem
766 2854 819 2907 ie.
835 2852 992 2920 falsitatem,
1011 2873 1043 2908 ac
1060 2855 1144 2926 prius:
1173 2854 1262 2904 omnia
1277 2871 1346 2922 pec-

301 2949 365 2988 cota
382 2957 439 2990 esse
458 2941 593 3012 aequalia.
630 2941 697 2993 Nam
718 2953 743 2995 ει
757 2943 786 2994 in
805 2942 1003 2996 hocParadoxo
1022 2942 1074 2996 vitii
1094 2942 1191 3013 gradus
1207 2940 1346 3006 tolluntur,

301 3035 327 3076 et
345 3024 510 3094 affirmatur,
528 3047 621 3080 omnes
638 3029 732 3083 stultos
750 3049 835 3101 aeque
854 3050 908 3083 esse
926 3030 1031 3098 stultos,
1065 3043 1144 3103 atque
1163 3030 1230 3084 adeo
1249 3028 1347 3084 stultis-

300 3113 396 3178 simos,
415 3114 432 3167 i.
453 3133 476 3167 e.
495 3133 541 3167 eos
557 3119 726 3175 μαινισθαι.“
746 3118 992 3187 Wytteubacli.

363 3193 439 3251 “Orc
463 3205 527 3260 πᾶς
545 3198 656 3272 ἄφρων
681 3208 864 3272 μαίνεται]
912 3205 950 3257 Ex
968 3206 1065 3260 nostris
1082 3205 1167 3261 Codd.
1188 3205 1276 3259 nullus
1299 3203 1348 3257 ha-

292 3288 343 3339 bet
360 3286 561 3361 inscriptionem
581 3289 721 3346 Graecam.
746 3293 812 3346 Ori.
831 3292 851 3346 l.
868 3294 902 3347 N.
927 3313 987 3347 eam
1017 3294 1153 3361 exhibent,
1182 3314 1261 3365 quam
1288 3313 1345 3359 nos,

300 3394 362 3429 cum
381 3377 433 3430 sint
450 3377 483 3430 ad
502 3374 551 3431 Ed.
571 3377 669 3433 Oliveti
693 3380 799 3446 collati,
827 3401 896 3453 quae
914 3382 993 3436 habet
1011 3392 1138 3436 nostram.
1175 3380 1205 3434 ln
1225 3382 1274 3434 Ed.
1284 3382 1345 3433 Par.

300 3466 377 3517 1501.
397 3463 489 3517 litteris
507 3464 594 3518 latinis
612 3468 740 3538 scriptum
760 3479 798 3521 est
816 3472 855 3520 oti
876 3472 980 3539 pondes
998 3471 1008 3520 i
1026 3471 1092 3522 mori
1108 3471 1291 3539 opinissonde,
1317 3471 1346 3521 in

301 3550 488 3622 Lugd.1515=
520 3555 565 3604 Oti
581 3554 683 3623 pondes
708 3555 737 3605 ln'
755 3556 821 3607 mori
839 3557 1017 3625 apinissonde.
1062 3557 1170 3611 Nullam
1188 3557 1285 3610 habent
1303 3557 1347 3609 in·

300 3640 472 3711 scriptionem
503 3639 633 3696 Graecam
662 3643 711 3698 Ed.
737 3665 780 3715 ap.
805 3644 891 3699 Meus.
921 3647 999 3700 lldlb.
1018 3666 1038 3699 s.
1057 3647 1073 3701 l.
1093 3657 1118 3700 ει
1137 3667 1160 3699 a.
1183 3645 1265 3698 Paris.
1285 3664 1345 3699 sa.

301 3724 331 3777 ln
357 3729 426 3781 Vcn.
446 3731 524 3782 1492.
544 3742 594 3785 est:
629 3751 669 3783 οτι
694 3749 792 3783 narres
819 3754 843 3784 οι
866 3753 942 3803 popei
965 3755 1099 3800 μχινονται
1123 3736 1202 3805 (sic);
1232 3736 1259 3787 iu
1277 3734 1349 3788 Ven·

302 3815 385 3866 1514:
409 3837 449 3866 οτι
468 3815 561 3876 πάντες
579 3838 684 3888 οιμωροι
700 3841 844 3882 unisonus.
888 3820 956 3876 Edd.
973 3823 1035 3876 Par.
1059 3824 1138 3878 1512.
1164 3834 1189 3876 ει
1216 3822 1281 3875 Dav.
1308 3844 1348 3875 οτι

302 3919 395 3957 παντες
413 3923 437 3952 οι
455 3924 529 3973 nepos
548 3925 725 3959 απινισσονται
752 3908 816 3979 (pro
841 3904 1045 3979 αἀιαύσσονται).
1093 3909 1161 3962 Edd.
1191 3908 1250 3961 Asc.
1268 3910 1348 3963 1511.

300 3990 365 4059 Arg.
386 3990 456 4043 Crat.
476 3990 564 4045 Heiw.
583 3993 614 4047 ll.
632 3994 718 4048 Wolf.
736 3996 796 4050 Par.
814 4000 892 4055 1543.
911 3998 973 4051 Atd.
992 4001 1071 4052 1548.
1099 3995 1169 4048 Aut.
1193 3995 1252 4048 Tal.
1271 3994 1346 4068 Sytb.

301 4076 412 4129 Lambb.
430 4074 510 4131 Goth.
530 4079 608 4135 Face.
627 4076 668 4135 irs
686 4080 780 4142 πάντες
799 4086 823 4135 οἴ
839 4090 921 4153 μωροὶ
938 4092 1081 4145 μαίνονται,
1099 4082 1193 4135 Lamb.
1206 4093 1232 4136 et
1250 4082 1346 4136 colon.

302 4157 343 4214 lira
361 4161 454 4222 πάντες
474 4166 497 4216 οἷ
514 4163 621 4236 ἄφρονες
643 4176 779 4231 μαίνονται
803 4171 849 4239 (ad
877 4170 955 4224 verlia
974 4172 1055 4244 Diog.
1072 4172 1158 4226 Lairt.
1177 4170 1194 4224 l.
1212 4172 1258 4240 l.);
1286 4170 1345 4223 Ald.

303 4255 381 4306 1517.
401 4254 513 4307 eandem
531 4253 608 4310 habet
622 4258 821 4329 inscriptionem
837 4256 976 4326 Graecam,
996 4260 1040 4313 sed
1053 4257 1134 4314 latini
1150 4258 1228 4331 plane
1240 4254 1348 4321 omiss33
