3059 4925
279 460 354 536 ³58
689 485 853 535 ascensus
880 487 913 533 ι.
962 503 966 510 -

263 649 352 715 tum)
380 648 451 699 servi
468 647 600 699 atrienses
629 646 773 717 ootumon'
790 665 838 699 sss
862 647 1001 700 stultitiae
1026 663 1093 716 quas
1121 647 1201 719 signo
1218 641 1283 707 -5'
1305 647 1334 699 in

280 734 376 789 altero:
395 735 489 805 Atque
507 734 586 786 utin
603 750 703 805 magno
715 733 831 805 faenilia
848 734 996 788 stultorum
1019 744 1085 787 sunt
1114 735 1165 786 olii
1190 734 1333 798 lautiores,

281 833 314 875 ut
331 820 382 875 sibi
401 820 528 874 videntur
543 820 625 885 serni,
643 821 691 873 sed
708 830 799 873 tomen
816 823 887 874 servi
905 821 1046 874 atrienses.
1088 824 1164 876 Actu
1180 823 1243 893 pori
1261 821 1332 874 stul-

281 912 343 962 ticie
361 926 410 962 sue
426 918 500 961 sunt.
536 910 611 978 Quos
627 908 706 979 signo
716 937 760 963 ·-.
796 908 876 977 Quae
896 921 957 963 sunt
975 909 1103 963 lectiones
1123 908 1255 974 Codicum
1274 909 1331 963 lere

281 996 411 1051 omnium.
446 994 544 1048 Merito
563 994 712 1072 vitieritici
741 997 907 1061 stultorum,
933 1008 963 1050 ut
980 997 1111 1068 glossam,
1137 1007 1333 1068 expunxerunt:

281 1084 376 1137 merito
402 1083 465 1136 item
483 1080 656 1136 Gernlrsrdus
674 1081 790 1153 glossam
815 1104 870 1139 esse
896 1084 1119 1139 existimaveris
1145 1085 1277 1136 atrienses
1300 1102 1333 1135 oe

281 1170 400 1239 topiarii.
435 1167 488 1222 Sed
506 1187 569 1223 eum
588 1179 652 1221 actu
670 1171 734 1239 pori
750 1172 892 1225 manifesto
910 1171 944 1225 sit
961 1182 1121 1242 corruptum
1141 1189 1229 1250 eresee
1242 1170 1333 1240 topia-

281 1257 329 1321 rii,
347 1256 426 1311 facile
444 1257 614 1328 intelligitur,
637 1258 700 1326 pori
725 1259 850 1312 stultitia
877 1259 1075 1314 correctoribus
1092 1258 1207 1311 librariis
1231 1257 1333 1322 deberi,

281 1356 396 1400 veterem
418 1357 507 1397 autem
531 1344 703 1414 scriptionem
727 1346 867 1398 stultitiae
893 1364 960 1398 suos
985 1365 1042 1398 non
1069 1364 1125 1398 esse
1148 1343 1333 1399 alliciendam.

282 1432 365 1501 Quod
384 1433 405 1485 si
424 1433 556 1498 tenueris,
577 1451 610 1485 eo
629 1431 687 1503 ipso
705 1433 792 1485 statim
810 1432 920 1485 habebis
932 1431 1074 1487 lectionem
1094 1450 1198 1498 reram,
1218 1450 1270 1502 qus
1289 1450 1333 1483 re·

281 1531 356 1591 cepta
375 1519 465 1572 omnis
484 1519 553 1572 bene
571 1517 727 1574 cohaerent:
746 1520 841 1590 Atque
860 1521 939 1572 utin
957 1538 1057 1591 magna
1070 1521 1186 1591 sanetis
1199 1530 1264 1572 sunt
1283 1518 1333 1569 olii

281 1608 426 1673 lautiores,
443 1617 476 1658 nt
493 1605 545 1659 etti
562 1606 701 1670 videntur,
719 1605 806 1670 servi,
830 1606 879 1657 sed
902 1616 991 1659 tamen
1010 1607 1081 1659 serni
1103 1606 1242 1659 stultitiae
1266 1624 1332 1657 suos

281 1705 361 1759 sunt,
381 1714 447 1766 qnos
465 1694 545 1766 signo
562 1722 596 1734 ·-
616 1695 697 1745 nimio
714 1710 792 1762 opere
809 1692 970 1751 delectant

349 1834 382 1886 ll.
403 1835 421 1888 l.
440 1832 649 1904 Borgersius
670 1831 801 1906 vulgatam
819 1853 846 1885 se
868 1832 904 1888 ait
916 1833 1007 1899 tueri,
1025 1832 1171 1904 locumque
1191 1831 1226 1883 ita
1247 1829 1331 1901 expli-

280 1934 338 1976 cate
364 1921 472 1992 „Atque
490 1933 519 1974 ut
536 1922 607 1974 inter
624 1940 712 1973 servos
730 1920 763 1991 ii,
789 1923 835 1993 qui
856 1921 965 1975 meliore
984 1931 1045 1974 sunt
1064 1918 1233 1983 conditione,
1250 1935 1331 1990 quam

267 2008 360 2064 ueteri
379 2009 513 2074 conservi,
534 2008 644 2060 minime
663 2019 752 2061 temen
771 2020 831 2062 sunt
852 2008 944 2075 liberi,
962 2007 1008 2061 sed
1026 2006 1108 2074 servi,
1127 2006 1188 2060 licet
1205 2025 1232 2058 se
1250 2004 1331 2058 servi·
1413 2022 1421 2034 ·

280 2097 317 2149 tio
336 2106 471 2166 exemptos
488 2095 637 2157 somnient;
656 2094 693 2146 sic
711 2093 764 2161 illi,
784 2115 850 2168 quos
871 2123 905 2132 —
925 2095 1075 2159 delectant,
1103 2092 1209 2165 egregie
1232 2090 1331 2145 sellun·

280 2196 337 2244 tur,
354 2200 432 2248 cnm,
450 2193 481 2235 ut
497 2181 563 2234 servi
584 2183 610 2233 in
632 2181 814 2247 dominorum,
833 2184 868 2235 ita
887 2182 938 2254 ipsi
957 2182 986 2235 in
1006 2181 1158 2237 tabularum
1177 2182 1332 2252 signorum-

280 2289 332 2341 que
351 2270 404 2323 sint
421 2279 557 2341 potestate.
593 2269 662 2323 ilinc
682 2271 762 2323 etism
774 2270 954 2341 intelligenda,
975 2290 1043 2343 quae
1058 2281 1219 2341 sequuntur:
1238 2271 1332 2325 Misso,

279 2358 349 2412 unde
368 2386 401 2395 -
422 2375 527 2409 servum
555 2369 581 2409 te
607 2377 663 2411 esse
687 2358 785 2412 iudico.
841 2357 1015 2431 Comparatio
1043 2357 1124 2428 igitur
1154 2376 1209 2409 non
1235 2366 1272 2409 est
1298 2356 1332 2408 de

279 2446 416 2505 stultitia,
434 2446 479 2502 sed
499 2446 532 2499 (le
544 2446 628 2518 soluo
645 2467 735 2500 eorum
754 2447 890 2517 opinione,
915 2447 975 2520 qni,
1003 2445 1158 2512 servientes,
1187 2464 1214 2498 se
1233 2442 1332 2497 liberos

280 2554 335 2588 esse
353 2534 527 2590 existiment.“

349 2655 512 2709 Orellius
528 2655 630 2710 exhibet
649 2655 790 2710 lectionem
809 2655 918 2708 Codicis
935 2654 1025 2709 Caroli
1046 2651 1191 2723 Stephani:
1216 2650 1264 2704 ssd
1283 2660 1333 2701 ta-

280 2762 338 2796 men
355 2745 441 2808 servi,
458 2744 497 2795 sio
512 2743 533 2793 ii
547 2744 612 2811 pori
629 2744 753 2795 stultitia
771 2754 850 2807 sunt,
875 2762 943 2814 quos
961 2743 1054 2813 signo,
1077 2758 1145 2811 quos
1165 2736 1276 2791 tabulae
1295 2765 1331 2776 -

279 2833 359 2883 nimio
378 2850 454 2900 opere
473 2830 615 2882 delectant.
651 2829 724 2884 ldem
744 2831 822 2896 dicit,
849 2831 957 2901 egregie
974 2829 1120 2900 disputasse
1147 2826 1181 2879 de
1199 2834 1256 2878 toto
1277 2822 1332 2877 hoo

279 2920 339 2974 loeo
358 2918 497 2973 Gilanium
515 2919 556 2987 (in
575 2918 696 2975 Conleet.
714 2921 820 2974 Lucret.
849 2919 925 2974 onius
941 2936 1023 2989 snpra
1047 2913 1212 2970 exhibuimus
1237 2910 1331 2981 ‹lispu-

278 3006 434 3074 tationem),
467 3004 600 3060 delentem
626 3008 704 3060 verbs
732 3008 838 3062 insititio
862 3006 993 3058 atrienses
1021 3022 1054 3055 ao
1081 3000 1192 3071 topiarii
1216 3007 1277 3053 snte
1308 3015 1330 3048 v.

276 3095 354 3162 pori,
386 3110 501 3164 quornm
533 3094 607 3164 prius
634 3092 730 3164 aliquis
755 3094 886 3164 glossator
917 3090 1092 3162 desumpserit
1119 3108 1134 3141 e
1160 3107 1215 3159 seq.
1243 3087 1266 3154 §.
1285 3088 1330 3142 38.
1369 3110 1372 3116 ’

279 3181 423 3232 atriensem
442 3179 607 3251 diligentem,
641 3181 754 3236 slteruh
774 3202 789 3234 s
810 3182 905 3236 stolide
931 3181 1011 3235 docto
1029 3178 1155 3232 eflectum
1177 3176 1215 3246 sit
1232 3193 1247 3227 e
1265 3193 1329 3244 per·

279 3287 350 3322 reesa
370 3264 550 3339 geminatione
569 3289 591 3323 ι.
614 3271 676 3337 pori
696 3269 823 3322 stultitia
850 3271 914 3341 (pro
939 3286 994 3340 quo
1019 3267 1077 3319 siae
1101 3281 1179 3317 eausa
1205 3260 1329 3315 Gisanius

278 3356 390 3408 voluerit
407 3356 483 3424 poris
499 3356 660 3424 stultitiae).
708 3358 818 3424 „Seonti
837 3369 899 3411 sunt
924 3358 971 3422 (its
995 3353 1083 3425 pergit
1099 3350 1162 3413 Or.)
1189 3348 1335 3405 Glfenium

279 3442 413 3497 Sulis-idus
431 3444 541 3509 Petrus,
573 3444 656 3497 Aldus
678 3445 782 3517 Nepos,
809 3443 1000 3508 (isenhardus,
1026 3442 1072 3513 qni
1101 3450 1191 3493 tamen
1211 3438 1239 3491 in
1257 3436 1328 3491 Adel.

278 3531 435 3585 sententiam
454 3543 568 3586 mutasse
585 3532 696 3586 ridetur.
738 3533 839 3587 Sensus
859 3542 948 3586 sutem
973 3529 1019 3583 hie
1041 3539 1095 3582 est:
1121 3538 1152 3581 nt
1177 3525 1205 3579 in
1230 3541 1329 3594 magna

279 3618 377 3671 familia
396 3629 457 3672 sunt
482 3618 525 3672 alii
551 3619 690 3687 lautiores,
719 3631 748 3674 ut
776 3621 825 3675 sibi
853 3621 987 3685 videntur,
1013 3617 1097 3681 ursi,
1124 3635 1148 3668 v.
1174 3632 1198 3666 c·
1223 3612 1330 3676 medici,

278 3717 454 3776 anagnostae,
472 3708 506 3760 ab
525 3706 642 3779 epistolis
659 3707 784 3776 Graecis,
811 3721 861 3763 oet.
881 3715 950 3775 (non
978 3717 1049 3779 uerte
1075 3703 1259 3758 atrienses‘ae
1286 3712 1331 3755 to·

279 3793 372 3865 pierii,
400 3794 484 3847 infimi
503 3796 591 3867 potius
608 3797 714 3865 generis
731 3798 824 3863 serviz)
849 3799 922 3869 iique
951 3794 1077 3849 lautiores
1098 3791 1166 3844 adeo
1193 3789 1330 3843 interdum

278 3882 436 3953 superbiunt
453 3885 585 3956 stulteque
602 3904 631 3937 se
648 3885 781 3951 efferunt,
800 3897 829 3940 ut
847 3885 997 3939 servitutem
1015 3903 1043 3936 se
1060 3881 1158 3935 servire
1177 3896 1262 3949 paene
1279 3877 1330 3931 ot·

278 3970 443 4035 noscantur,
463 3989 626 4042 quamquam
645 3974 711 4026 servi
731 3974 815 4028 nilrilo
835 3973 924 4027 minus
940 3983 1018 4038 sunt,
1046 3967 1234 4041 usquequam
1262 3965 1328 4019 hora

278 4078 291 4110 a
312 4057 427 4112 dominis
441 4057 511 4110 inter
530 4059 698 4114 mediastinos
716 4062 852 4116 smsnrlari
872 4072 997 4134 possunt,
1024 4077 1079 4111 non
1098 4057 1188 4109 minor
1207 4071 1270 4107 sane
1289 4064 1330 4105 est

278 4163 370 4197 eornm
390 4143 511 4213 stultitia,
530 4145 576 4217 qni
595 4165 655 4199 vere
674 4146 773 4202 liberos
787 4169 815 4203 se
831 4150 1006 4212 arbitrentur,
1025 4146 1071 4200 etsi
1090 4146 1245 4217 signorum,
1271 4140 1328 4193 Co·

278 4230 435 4284 rintlsiornm
455 4251 567 4304 opernm
587 4244 635 4287 cet.
654 4234 719 4287 servi
738 4247 812 4304 sunt,
832 4236 916 4289 nimio
934 4254 1015 4307 opere
1034 4253 1117 4307 qsum
1137 4233 1196 4288 talis
1218 4252 1263 4285 eos
1281 4231 1330 4283 ‹le-
