3059 4925
518 470 560 516 ιιι
588 467 784 516 etntnoxou
810 468 855 529 ιι,
873 460 898 513 3.
1122 484 1125 489 -
1152 445 1227 520 365
1250 520 1252 522 ,

548 629 760 691 Excunsus
783 631 853 689 Xll.

405 768 481 842 au
513 766 855 842 ΡΑιιΑιιοιιοιι
872 768 952 861 ιι
983 767 1020 841 a.

178 982 217 991 -
244 966 310 1008 uon
335 942 433 1007 modo
446 945 627 1022 fructus
654 942 734 1007 ille
755 954 823 1006 est
845 940 900 1005 ad
921 952 1134 1028 sumptus,
1171 942 1231 1007 red

460 1044 569 1108 etiam
589 1043 761 1120 adfertur
785 1044 947 1131 exiguus.

252 1200 298 1254 Sic
316 1201 401 1269 edidi,
420 1214 449 1256 ut
469 1222 550 1255 nemo
568 1213 629 1256 ante
649 1222 705 1270 mc,
735 1222 786 1255 nce
804 1213 893 1255 tamen
912 1206 972 1255 med
991 1200 1159 1269 coniectori,
1184 1203 1229 1255 sed

177 1288 294 1342 lectione
312 1310 341 1341 ex
361 1290 491 1343 librorum
519 1290 643 1344 varietate
672 1290 767 1343 collata
792 1300 817 1343 et
836 1290 911 1362 quasi
929 1290 1092 1361 composita,
1119 1290 1171 1352 ita,
1202 1299 1231 1342 ut

177 1393 268 1446 neque
286 1375 337 1427 vim
357 1377 484 1429 inferrem
503 1377 578 1429 libris
596 1377 737 1441 omnibus,
757 1388 787 1430 ut
805 1377 868 1430 lecit
886 1377 1044 1441 Lambinus,
1064 1376 1110 1447 qui
1129 1375 1230 1446 primus

177 1463 302 1516 omnium
320 1483 408 1517 veram
431 1465 481 1517 loci
501 1464 658 1517 sententiam
678 1463 755 1529 vidit,
788 1483 875 1535 neque
900 1483 944 1516 me
969 1474 996 1517 et
1018 1461 1132 1516 lectores
1149 1461 1231 1532 expli-

178 1548 265 1602 candd
284 1551 461 1622 plurimorum
481 1562 506 1605 et
524 1550 684 1623 scriptorum
705 1561 730 1604 et
749 1552 882 1605 editorum
901 1551 1032 1603 librorum
1048 1550 1161 1604 lectione
1171 1561 1228 1602 tor·

180 1658 302 1710 quorem.
344 1638 398 1691 Sed
424 1650 453 1693 ιιι
470 1640 521 1710 ipsi
537 1638 655 1693 iudicare
675 1639 775 1710 possint
793 1639 921 1705 lectores,
939 1639 1053 1710 agedum
1072 1639 1105 1692 de
1123 1636 1232 1709 singulis

183 1728 312 1797 deinceps
337 1723 479 1780 videamus.

243 1833 313 1896 ,Non
333 1830 407 1882 morlo
425 1831 650 1903 adfractum
667 1831 712 1884 ille
730 1843 773 1885 est
791 1843 967 1902 sunrptus:
1000 1811 1077 1898 [haec
1096 1843 1134 1885 est
1150 1832 1229 1885 lectio

178 1918 247 1971 Edd.
276 1929 393 1970 veterum
415 1929 440 1972 et
460 1918 560 1991 aliquot
588 1922 785 1985 recentiorum,
810 1919 860 1973 Ed.
879 1939 921 1990 ap.
940 1919 1041 1986 Meus,
1063 1919 1144 1971 ’fldtn
1163 1921 1233 1972 Ven.
1290 1977 1292 1983 Α

179 2010 260 2061 1492.
287 2009 365 2061 1514.
393 2007 452 2060 Asc.
472 2010 551 2061 1511.
578 2007 636 2060 Par.
656 2011 736 2061 15117.
756 2011 834 2061 1512.
860 2009 938 2061 1543.
970 2008 1035 2077 Arg.
1059 2006 1143 2077 Lugd.
1172 2005 1231 2059 Atd.

179 2095 261 2147 1548.
282 2092 353 2146 Crat.
378 2092 467 2145 Herw.
493 2092 569 2146 Cam.
592 2095 661 2148 Vici.
692 2094 770 2150 Boul.
795 2095 896 2147 Sturm.
922 2094 1000 2148 Grut.
1020 2092 1115 2148 Graev.
1144 2093 1230 2147 Gron.

179 2182 291 2236 Schrer.
311 2182 392 2234 Verb.
411 2180 481 2234 Otiv.
501 2181 542 2234 De
561 2180 647 2235 Codd.
666 2182 736 2236 inira
755 2182 914 2249 videbimus]
932 2182 1087 2247 „Sententia
1107 2192 1159 2235 est:
1184 2179 1230 2233 ttte

180 2278 308 2339 sumptus
326 2267 477 2323 sexcentiim
497 2269 656 2337 sestertiirm,
683 2272 728 2343 qui
753 2271 786 2323 in‘
801 2271 875 2323 tectis
894 2270 1005 2334 auratis,
1031 2267 1092 2321 solis
1111 2288 1231 2322 marmo-

180 2358 231 2410 reis
250 2355 362 2427 aliisque
381 2357 460 2410 rebus
478 2357 634 2422 insumitur,
658 2358 764 2429 exiguus
790 2369 827 2411 est
852 2357 896 2407 od>
912 2358 1011 2407 vietum
1036 2368 1062 2409 et
1085 2356 1124 2405 od
1135 2357 1231 2425 ferrus,
1254 2393 1256 2396 -

180 2444 254 2498 unde
274 2443 379 2497 luorum
405 2444 506 2516 percipi
526 2445 620 2516 possit:
649 2444 666 2499 i.
683 2465 704 2499 e.
729 2445 794 2498 tanti
822 2444 921 2498 reditus
947 2442 1019 2516 parri
1045 2455 1106 2497 sunt
1131 2442 1231 2497 homini

180 2534 371 2603 sumptuoso.“
407 2532 480 2587 Fre.
498 2531 651 2605 Sylvius.

252 2633 348 2687 Hier.
365 2633 535 2702 Wolfius,
559 2635 619 2707 (qui
646 2636 674 2690 in
692 2637 817 2691 lemmate
842 2637 1022 2690 annotationis
1047 2635 1158 2689 eandem
1185 2637 1233 2690 ha-

182 2725 227 2777 bet
244 2722 387 2776 lectionem
407 2743 487 2795 quam
505 2723 567 2779 Fre.
585 2722 703 2796 Sylvius,
732 2727 760 2778 in
786 2725 912 2779 contestis
939 2725 988 2778 ita:
1016 2745 1068 2776 non
1097 2724 1234 2776 modoad

181 2820 356 2880 sumptum
373 2810 435 2861 ille
450 2811 608 2882 fructus
625 2823 680 2864 est
699 2815 763 2880 etc.)
788 2811 867 2865 haee:
898 2812 1037 2879 „Quidam
1057 2813 1096 2864 vir
1114 2832 1169 2865 non
1190 2812 1232 2864 in-

182 2898 278 2951 doctus
296 2897 332 2949 sic
350 2896 460 2967 explicat
478 2896 549 2951 hunc
568 2898 673 2952 locum:
693 2938 710 2966 „
718 2899 867 2970 „Sumptus
886 2900 1014 2970 pecuniae
1033 2899 1072 2951 his
1089 2901 1168 2952 rebus
1180 2899 1231 2951 im-

182 3003 296 3056 pensae,
316 3003 370 3036 non
389 2970 493 3037 tantum
512 2986 599 3039 reddit
616 2986 742 3051 domino,
770 2996 900 3057 quantum
924 2986 1193 3060 redderet-pecunia,
1212 2987 1231 3038 si

182 3073 270 3125 fenori
290 3072 472 3129 oblocaretur:
499 3084 602 3128 tantum
629 3074 716 3140 abest,
746 3083 775 3127 ut
803 3071 936 3140 fructum,
967 3073 1051 3145 qualis
1075 3093 1104 3126 ex
1124 3073 1233 3144 praedio

183 3159 285 3230 percipi
305 3158 384 3222 solet,
403 3160 546 3213 reddat.““
596 3160 729 3214 Hactenus
752 3160 805 3213 itte.
852 3161 905 3214 Sed
931 3162 1066 3233 egohanc
1094 3181 1148 3214 csse
1168 3170 1233 3231 puto

113 3269 116 3276 ¹
183 3246 322 3300 Ciceronis
340 3249 510 3301 sententiam:
527 3249 640 3321 ¹reditus
657 3248 717 3301 illos
737 3248 804 3302 adeo
832 3269 887 3301 non
906 3249 1029 3302 sufficere
1053 3250 1086 3301 ad
1106 3247 1232 3301 tuendam

184 3354 241 3386 rem
261 3334 418 3387 familiarem
437 3347 463 3388 et
481 3345 602 3408 sumptus
621 3337 784 3390 necessarios
801 3336 966 3404 tolerandos,
994 3348 1023 3389 ut
1041 3355 1074 3388 ne
1092 3335 1124 3388 ad
1135 3333 1235 3388 ‘usuras

184 3421 293 3492 quidem
314 3421 492 3476 dissolvendas
511 3425 543 3477 sit
561 3425 628 3478 satis.
676 3425 805 3496 Exemplo
824 3425 856 3478 sit
872 3423 906 3476 Τ.
922 3422 1027 3476 Annius
1045 3423 1126 3490 Milo,
1156 3421 1235 3476 Cice-

185 3509 260 3563 ronis
278 3509 374 3575 cliens,
395 3511 440 3581 qui
460 3522 568 3565 auctore
585 3511 674 3564 Plinio
694 3510 737 3579 [ll.
756 3512 789 3565 N.
807 3511 925 3577 XXXVl,
944 3513 997 3576 15,
1015 3511 1086 3563 Sect.
1105 3510 1233 3576 xtttv,2.

185 3617 212 3668 p.
229 3601 292 3652 742.
312 3598 353 3655 ed.
372 3597 481 3667 Hird.],
512 3610 616 3653 tantum
641 3598 707 3651 aeris
733 3599 812 3652 alieni
842 3598 970 3653 contraxit
995 3597 1190 3668 magnificentia
1209 3608 1236 3650 et

184 3684 246 3737 luxu
265 3704 330 3754 suo,
349 3696 378 3740 ιιι
396 3704 525 3739 numerus
544 3687 601 3739 eius
617 3686 678 3738 iniri
698 3705 752 3739 non
773 3696 866 3756 posset.
912 3687 992 3752 [Eum
1017 3702 1065 3754 ego
1082 3685 1154 3735 inter
1171 3700 1236 3752 pro-

185 3774 259 3844 digia
279 3774 390 3825 domani
406 3776 489 3826 animi
508 3774 591 3840 duco,
608 3775 701 3828 scribit
718 3774 865 3842 Plinius].⁸⁴

255 3877 297 3930 lo.
317 3877 512 3932 Morisotus
531 3879 619 3949 (cuius
637 3876 687 3932 Ed.
707 3878 806 3949 prodiit
824 3899 846 3931 a.
869 3877 960 3944 1541.)
988 3875 1038 3928 hoc
1063 3874 1159 3927 lemma
1184 3892 1233 3926 an·

186 3965 314 4018 notationi
334 3985 396 4018 suae
417 3967 582 4037 praeposuit:
610 3966 841 4035 adsumptum
860 3964 905 4016 r'lIc
923 3962 1143 4034 estfructus,
1169 3960 1232 4012 scri·

185 4052 303 4123 psitque:
323 4053 401 4119 „Non
422 4072 528 4124 possum
548 4072 603 4105 non
619 4053 719 4120 mirari,
738 4053 828 4107 locum
849 4052 921 4105 hunc
938 4050 1065 4104 hactenus
1082 4058 1136 4100 tam
1155 4046 1234 4098 luisse
1269 4106 1271 4109 ¹

184 4155 346 4205 perversum.
382 4140 411 4192 ln
432 4140 556 4194 omnibus
574 4141 645 4192 enirn
665 4151 757 4194 exstat:
785 4158 836 4192 non
855 4140 930 4191 modo
948 4137 1169 4207 adstrictum
1187 4134 1233 4185 ille

185 4231 226 4272 est
244 4235 418 4296 surnptns,
437 4227 582 4287 sedetiam
600 4238 649 4280 etc.
700 4228 735 4281 At
754 4225 850 4281 Cicero
877 4245 930 4280 non
950 4223 1071 4292 intelligit
1096 4234 1231 4293 sumptum
