3059 4925
536 475 732 525 esuooxor
754 476 798 522 vr.
826 478 895 525 css.
917 478 938 524 ι.
1085 478 1088 487 ’
1192 453 1266 531 263

512 631 855 709 Pffldooxoit
888 637 956 710 Vl.

317 818 410 907 “Ort
456 823 562 924 μόνος
597 824 749 933 &crodos
776 824 966 909 πλούσιος.

269 1031 272 1035 -
324 987 466 1074 [Solum
494 980 700 1085 eapientem
732 992 1016 1080 esse'clivitem]
1138 1003 1143 1011 '

285 1189 379 1268 Quae
403 1198 453 1257 est
477 1195 540 1259 iste
563 1196 598 1260 io
618 1196 911 1295 commemoranda⁸
944 1197 1083 1277 pecunia
1108 1201 1164 1264 tur
1190 1203 1284 1265 tems

208 1327 352 1392 insolens
375 1333 577 1397 ostentatio?
628 1332 770 1398 solusne
796 1338 830 1399 tu
856 1334 972 1398 dives?
1023 1334 1090 1398 Pro
1124 1334 1169 1398 dii
1199 1334 1262 1397 im-

206 1467 381 1545 mortales,
407 1487 514 1550 egone
541 1489 594 1536 me
619 1471 784 1536 audivisse
807 1473 931 1553 aliquid
958 1478 992 1536 et
1016 1472 1170 1536 didicisse
1192 1486 1261 1535 nou

209 1598 394 1675 pendeam?
443 1602 586 1671 Sotusne
619 1605 734 1669 dives?
788 1605 893 1684 Quid,
926 1607 954 1669 si
985 1623 1028 1668 ne
1059 1606 1151 1669 dives
1186 1606 1260 1685 qui·

208 1733 303 1800 demi
330 1737 425 1817 quid,
450 1740 478 1803 si
505 1757 631 1820 pauper
656 1740 777 1804 etiam?
841 1738 949 1817 Quem
981 1739 1071 1803 enim
1102 1739 1258 1819 inteiligi-

209 1888 279 1935 mus
292 1856 449 1939 divitem?
475 1880 531 1943 aut
545 1877 609 1940 hoo
627 1876 767 1940 verbum
783 1876 816 1938 io
832 1893 900 1956 quo
913 1876 1049 1943 homine
1076 1874 1255 1955 ponimus?

75 2092 84 2100 .
210 2005 463 2089 opinorsed,
488 2014 653 2077 enitente
678 2013 845 2094 possessio
871 2017 930 2090 est,
956 2016 993 2076 ut
1018 2012 1060 2076 ed
1076 2013 1257 2077 liberaliter

208 2146 382 2213 vivendum
404 2147 501 2211 faoiie
526 2153 698 2215 oostentus
722 2148 780 2213 sit:
816 2148 972 2230 quinidii
1000 2151 1148 2229 quaerat,
1173 2148 1256 2213 nihil

209 2285 353 2361 appetat,
379 2284 460 2347 nihil
487 2287 577 2365 optet
603 2285 753 2366 amplius.
812 2285 949 2349 Animus
972 2288 1104 2364 oportet
1123 2290 1198 2348 tuus
1223 2290 1256 2349 te

208 2416 329 2482 iudicet
352 2418 501 2498 divitem,
528 2437 595 2485 non
621 2420 795 2486 hominum
821 2436 949 2496 sermo,
983 2436 1090 2501 neque
1122 2435 1256 2501 posses·

8 2549 10 2579 '
99 2590 104 2596 ⁴
207 2554 316 2619 siones
339 2558 432 2620 tuoe:
456 2556 538 2620 nihil
552 2556 616 2620 sibi
634 2556 749 2621 deesse
766 2560 867 2637 putet,
893 2555 973 2620 nihii
995 2559 1087 2621 curet
1103 2553 1255 2636 emplius.

207 2690 348 2756 Setietm
366 2696 415 2756 est
434 2697 491 2790 eut
514 2697 688 2757 contentus
714 2694 815 2758 etiam
838 2694 993 2790 peounie:
1017 2691 1176 2769 concedo,
1203 2690 1255 2756 di-

206 2844 262 2893 ves
289 2846 334 2893 es.
386 2827 579 2894 sinautem
605 2833 740 2910 propter
770 2828 958 2898 aviditatem
993 2824 1153 2906 pecuniae
1179 2827 1254 2889 nui·

203 2964 271 3028 ium
292 2966 464 3044 quaestum
488 2966 617 3044 turpem
643 2967 758 3044 putes,
785 2978 887 3041 quum
912 2959 965 3026 isti
989 2959 1097 3026 ordini
1121 2976 1163 3024 ne
1190 2959 1253 3023 ho·

127 3131 131 3144 ι
203 3104 314 3164 pestus
339 3098 473 3179 quidem
497 3100 600 3180 possit
624 3114 697 3164 esse
724 3097 827 3164 uitus:
863 3094 892 3158 si
928 3093 1073 3174 quotidie
1108 3093 1252 3172 fraudes,

102 3291 105 3302 .
201 3234 341 3315 decipis,
373 3234 501 3315 poscis,
536 3232 729 3314 pseisoeris,
764 3230 893 3306 eutero,
928 3229 1044 3309 eripis:
1076 3229 1105 3294 si
1141 3228 1251 3292 socios

200 3370 333 3452 spolies,
358 3368 523 3438 aerarium
550 3369 695 3450 expilat:
720 3367 749 3431 si
770 3370 965 3434 testamenta
983 3362 1167 3429 amicorum
1188 3382 1249 3428 ex·

89 3531 94 3537 ·
202 3512 349 3587 speeies,
376 3510 433 3572 sut
456 3523 498 3569 ne
519 3508 690 3585 exspeotes
713 3502 864 3584 quidem,
897 3505 996 3582 atque
1027 3500 1098 3582 ipse
1124 3516 1250 3582 suppo·

202 3646 269 3718 nis3
305 3603 390 3711 isaeo
415 3648 525 3709 utrum
551 3640 769 3718 abundantis,
802 3657 845 3705 an
882 3638 1007 3719 egentis
1031 3637 1125 3717 signe
1150 3638 1249 3700 sunt?

201 3782 336 3848 Animus
369 3781 514 3848 hominis
554 3780 662 3857 dives,
705 3794 773 3846 non
819 3793 915 3853 area,
957 3773 1117 3856 appellari
1155 3776 1249 3839 solet.

201 3918 360 3997 Quemvis
387 3918 444 3984 iila
470 3917 511 3980 sit
535 3917 652 3997 plene,
677 3914 756 3980 dum
783 3918 815 3977 te
834 3914 968 3978 inanem
992 3910 1129 3989 videbo,
1164 3912 1250 3974 divi·
1380 3989 1386 3999 Ι

200 4057 266 4117 tem
291 4069 360 4120 non
387 4052 521 4133 potsoo.
589 4049 717 4115 Etenim
756 4067 799 4114 ex
837 4066 897 4126 eo,
931 4053 1088 4130 quantum
1130 4048 1249 4126 cuique

202 4189 278 4255 setis
306 4192 372 4264 est,
396 4187 572 4253 metiuntur
596 4185 959 4252 hominesdivitierum
984 4182 1130 4246 modum.
1191 4180 1248 4242 Fi-
