3059 4925
312 467 386 543 208
638 491 810 539 namnum
838 489 1032 536 eroteunuu.

311 662 487 726 atriensem
522 661 712 741 diiigentem
746 659 896 740 putareti
948 657 1133 721 Reviviscat
1164 649 1208 722 Μ’
1234 655 1363 732 Curius,

312 807 368 865 uut
391 816 510 864 eorum
535 799 674 880 atinde,
708 813 850 878 qnorum
888 795 923 857 in
954 795 1031 859 vitta
1067 810 1107 858 ae
1146 795 1248 860 domo
1281 796 1361 858 nihii

310 937 534 1020 splendidum,
559 936 642 1003 nteit
667 939 821 1000 ornatum
847 933 926 1009 tuit,
951 933 1209 1014 praeterimus,
1247 937 1281 996 et
1310 935 1361 995 vi·

310 1074 387 1137 deat
412 1073 574 1153 aliquem,
598 1072 735 1136 nummis
760 1071 876 1153 pupuli
901 1069 1069 1133 benefieiis
1091 1085 1206 1144 usum,
1239 1069 1361 1132 harba-

311 1211 397 1275 tutos
423 1207 543 1272 multus
569 1211 799 1289 exceptantem
822 1205 863 1270 de
887 1206 1014 1288 piscina
1041 1211 1073 1268 et
1098 1208 1360 1285 pertractantem,

311 1352 348 1411 et
370 1326 604 1410 muraenarum
631 1346 728 1428 eopia
754 1347 964 1427 gloriantem:
999 1360 1110 1409 noune
1138 1344 1225 1407 huuc
1251 1342 1360 1405 tremi·

311 1498 389 1547 uem
425 1481 471 1546 ita
506 1498 638 1546 nervum
679 1483 817 1559 iudicet,
861 1487 896 1548 ut
926 1499 969 1546 ue
1003 1483 1038 1546 in
1071 1479 1198 1545 inmitia
1230 1477 1361 1558 qnimm

312 1602 448 1681 dignum
473 1602 601 1669 maiore
626 1602 738 1683 atiquo
764 1603 900 1683 negotiu
925 1603 1038 1684 putet?
1072 1604 1124 1665 An
1149 1615 1266 1665 eorum
1289 1613 1360 1661 ser-

165 1740 171 1749 '
255 1792 258 1798 ,
313 1740 397 1805 vitun
423 1738 524 1807 dubia
545 1743 613 1817 eet,
658 1742 713 1822 qui
749 1739 926 1822 eupiditate
952 1738 1072 1821 peculii
1096 1737 1221 1805 nuliam
1246 1734 1361 1799 condi·

312 1877 442 1943 tionem·
463 1880 617 1941 recusant
642 1876 836 1943 durissimae
860 1876 1048 1943 servitutis?
1072 1875 1269 1941 Hereditatis
1286 1887 1360 1951 epea

314 2013 392 2095 quid
417 2013 596 2094 iniquitatis
621 2012 856 2079 inserviendo
882 2029 951 2077 neu
976 2013 1132 2095 suscipit?
1168 2027 1267 2093 quem
1298 2025 1360 2073 nu·

313 2154 383 2215 tum
409 2148 581 2229 lontmletin
607 2148 684 2246 orbi
716 2149 803 2215 senis
830 2164 898 2215 unu
919 2150 1100 2217 observati
1137 2148 1287 2229 tenuitur
1320 2147 1361 2211 ad

314 2285 534 2351 voluntatem:
562 2284 720 2365 quidquid
746 2285 979 2353 denunciatum
1004 2291 1073 2363 eet,
1098 2286 1191 2351 facit:
1218 2289 1361 2351 assecta·

315 2426 376 2498 tur,
399 2421 529 2498 assidet,
552 2425 753 2490 muneratum.
807 2420 895 2500 Quid
919 2423 1040 2490 horum
1064 2425 1114 2487 eet
1138 2421 1257 2488 liberii
1284 2421 1361 2502 quid

264 2578 301 2623 ιιι
315 2560 459 2641 denique
480 2577 549 2628 non
573 2560 660 2625 servi
686 2560 823 2624 inertis?
876 2558 987 2637 Quid?
1020 2560 1088 2626 ium
1110 2561 1168 2626 itta
1190 2561 1359 2642 cupiditas,

313 2713 399 2777 quae
424 2694 644 2760 videturesse
669 2694 858 2772 liberatior,
880 2695 1037 2772 honoris,
1064 2695 1202 2776 imperii,
1226 2696 1360 2775 provin·

315 2833 456 2906 riarum,
493 2847 591 2911 qnam
631 2829 716 2902 dura
748 2836 799 2898 est
841 2830 992 2900 munna!
1030 2852 1130 2915 quam
1162 2832 1360 2916 imperiosa!

314 2965 633 3052 quamvehementi
669 2966 833 3049 Cethego,
868 2970 994 3034 homini
1026 2987 1095 3038 uon
1121 2972 1362 3052 probatissimo,

313 3104 440 3172 servire
460 3103 568 3184 tetigit
593 3120 670 3182 ens,
702 3106 758 3186 qui
780 3107 843 3174 sibi
877 3123 950 3172 eene
984 3108 1178 3188 amptineimi
1204 3107 1363 3174 videban-

313 3249 384 3312 tur:
410 3257 549 3308 munera
575 3241 722 3319 mittere,
760 3248 860 3312 noctu
887 3246 1000 3312 venire
1034 3246 1171 3314 domum
1208 3247 1250 3312 ad
1278 3265 1363 3322 erun,

315 3382 454 3462 precari,
481 3341 622 3461 denieire
638 3382 835 3463 supplicare.
887 3381 982 3460 Quae
995 3384 1136 3448 servitus
1154 3389 1213 3463 est,
1237 3385 1364 3450 simeo

231 3486 236 3490 ¹
314 3517 448 3584 tiberine
475 3515 657 3584 existimari
678 3519 808 3598 potest?
861 3518 970 3597 Quid?
1014 3538 1117 3602 quum
1150 3521 1364 3602 cupiditatum

316 3656 521 3721 dominatur
541 3658 700 3734 excessit,
748 3663 781 3723 et
821 3659 905 3725 aliun
946 3665 996 3724 est
1037 3659 1191 3725 domiuus
1227 3662 1363 3726 exertus
1421 3659 1425 3665 ’

137 3768 140 3771 ’
173 3825 178 3829 -
314 3810 360 3856 ex
401 3794 602 3860 eensnientia
642 3802 872 3876 pennatorum,
910 3773 1027 3874 timum
1079 3816 1179 3879 quam
1221 3803 1271 3862 est
1310 3799 1364 3861 itta

315 3928 454 4005 misera,
497 3945 596 4010 quam
626 3930 709 3996 dura
747 3930 903 3998 servitus!
947 3934 1219 4000 Adotneentiem
1252 3933 1365 4014 pauno

316 4065 562 4146 tequnoiorinue
585 4071 634 4130 est
660 4069 886 4166 serviendum:
912 4087 1039 4146 omues,
1065 4072 1122 4150 qui
1138 4069 1263 4149 aliquid
1281 4070 1365 4134 seire

316 4203 486 4276 videntur,
533 4203 689 4279 tanquam
727 4203 870 4281 domini,
917 4206 1079 4271 timentur.
1146 4206 1250 4270 ludex
1285 4221 1365 4270 vero
