3059 4925
301 479 405 528 xxxvi
465 477 702 526 PROLEGOUENA
729 477 771 522 AB
801 475 970 521 ctcnnortts
997 476 1181 523 rantnoxA.

299 664 415 708 scantur.
453 650 533 705 Vides
550 648 755 715 Gernbardum,
785 667 947 722 quamquam
971 649 1080 716 dixerit,
1107 667 1237 722 apparere
1262 671 1348 722 quen·

301 741 361 795 dam
380 740 408 793 in
424 730 567 791 Puredosis
581 738 703 792 ordinem
723 749 870 804 servatum,
902 757 957 791 non
977 748 1067 790 tamen
1085 737 1158 791 bunc
1173 737 1295 789 ordinem
1314 739 1348 791 ii·

301 830 384 901 quido
400 838 427 881 et
444 826 548 880 disertis
565 826 651 879 verbis
670 825 905 891 demonstravisse,
925 825 988 897 qui,
1007 826 1107 879 etiamsi
1125 824 1237 896 reperiri
1257 825 1347 896 possit,

300 934 355 969 non
374 925 464 967 tamen
483 913 518 967 ita
536 914 564 966 iu
583 923 675 984 aperto
700 923 753 978 est,
778 923 808 964 ut
827 932 888 964 eum
916 912 1097 966 demonstrare
1122 925 1348 984 supervacaneum

302 1020 355 1056 esse
373 1000 500 1053 rideatur.
543 1001 632 1054 Restat
648 1000 746 1072 igitur,
763 1010 808 1065 ut,
828 1019 896 1071 quae
917 1002 994 1053 nobis
1015 1020 1077 1069 prae
1096 1000 1189 1053 ceteris
1210 1000 1348 1071 probatur,
1406 1071 1409 1076 ξ

302 1088 577 1161 Morgensternii
602 1089 759 1142 sententiam
786 1088 927 1153 addamus,
954 1088 1000 1160 qui
1026 1087 1177 1158 diligentius
1204 1087 1298 1139 ceteris
1321 1087 1348 1139 in

300 1175 370 1230 banc
388 1196 444 1229 rem
463 1175 626 1247 inquisivisse
644 1176 760 1240 ridetur,
786 1194 949 1246 quamquam
977 1193 1065 1245 neque
1090 1174 1279 1227 Gernhardum
1304 1193 1350 1227 sua

300 1264 380 1317 laude
398 1264 550 1333 fraudatum
570 1263 637 1317 roto.
673 1264 767 1336 Neque
787 1284 848 1316 vero
867 1264 900 1316 ud
920 1264 1028 1317 verbum
1049 1263 1126 1317 nobis
1145 1262 1350 1315 describendum

301 1354 454 1418 visumst,
473 1352 546 1423 quod
565 1351 669 1422 scripsit
687 1352 727 1403 vir
744 1351 789 1404 itte
807 1352 834 1404 in
853 1350 960 1417 tibetto,
987 1370 1067 1421 quem
1091 1350 1216 1414 diximus,
1243 1349 1287 1402 sed
1317 1349 1349 1400 ad

297 1439 458 1494 sententium
477 1439 639 1505 exhibemus,
669 1459 738 1511 quae
763 1440 918 1511 excogitavit
936 1440 1020 1511 probe
1047 1437 1207 1509 ponderata:
1235 1437 1295 1490 Non
1316 1441 1350 1492 ita

302 1525 381 1595 (haec
398 1538 436 1580 est
454 1525 587 1580 dictorum
605 1526 723 1594 summa)
742 1524 839 1581 Cicero
859 1538 953 1581 tractat
970 1526 1037 1580 baec
1045 1526 1190 1592 Paradene,
1210 1537 1239 1580 nt
1256 1525 1284 1578 in
1298 1537 1351 1579 tota

302 1611 384 1666 libelii
401 1614 604 1667 continuatione
621 1632 765 1685 agnoscas,
795 1633 864 1686 quae
886 1615 914 1666 in
932 1614 1029 1668 Stoicis
1055 1614 1200 1668 laudantur
1224 1613 1257 1667 de
1273 1614 1353 1667 Fiun-

303 1698 348 1766 ΙΙΙ,
369 1704 422 1754 222<
438 1701 621 1754 admirabilem
639 1703 851 1772 compositionem
869 1703 1041 1773 disciplinae,
1064 1702 1293 1774 incredibilemque
1310 1723 1353 1754 re-

303 1803 362 1838 rum
382 1788 513 1840 ordinem.-
541 1789 575 1841 ita
595 1800 699 1857 tamen,
722 1801 826 1843 utnon
849 1791 929 1861 plane
947 1787 1037 1841 nuilus
1056 1800 1184 1859 apparent
1206 1808 1288 1842 nesus
1304 1790 1353 1842 ad·

303 1893 391 1946 eoque
410 1876 527 1946 primum
545 1875 701 1933 Paradoxon
721 1896 776 1930 non
802 1877 897 1929 eodem
915 1877 974 1928 iure
998 1874 1122 1927 ultimum
1147 1875 1238 1927 iocum
1262 1885 1354 1929 tenere

304 1963 420 2032 potuisse
438 1964 564 2018 videatur.
606 1965 783 2033 Posteaquam
804 1964 862 2030 pri
869 1981 953 2014 mum
980 1960 1079 2031 posuit:
1113 1962 1191 2030 Quod
1213 1962 1353 2014 honestum

305 2052 356 2115 sit,
375 2051 406 2102 id
421 2052 530 2104 solum
549 2050 669 2101 donum
693 2066 763 2113 esse,
790 2048 873 2101 tacitis
897 2060 954 2103 erat
980 2048 1104 2102 transitus
1127 2049 1161 2102 ad
1184 2048 1352 2100 alterum:

305 2140 411 2206 Inque
429 2136 586 2206 cirtussit,
610 2136 636 2186 ei
653 2134 747 2188 niliil
774 2136 892 2188 deesse
915 2137 959 2188 od
983 2136 1081 2188 beare
1106 2137 1306 2189 vivendum:
1332 2138 1354 2189 si

297 2222 387 2274 «modo
404 2222 607 2291 interposueris,
625 2222 698 2295 quod
717 2240 773 2278 non
794 2224 890 2294 poterit
908 2244 963 2279 non
983 2225 1107 2278 concedi:
1127 2225 1163 2278 uit
1184 2226 1231 2280 nisi
1252 2227 1355 2278 bonum

306 2329 360 2362 esse
379 2310 569 2381 expetendum,
593 2312 675 2383 quod·
686 2323 776 2365 autem
794 2313 986 2384 expetendum,
1010 2312 1148 2366 hominem
1167 2314 1274 2367 beatum
1294 2315 1356 2367 red-

255 2391 258 2396 *
306 2398 378 2451 dere.
415 2396 458 2451 Ad
477 2401 622 2452 tertium
641 2400 737 2453 deinde
755 2400 790 2454 ito
811 2411 915 2474 poterat
932 2401 1070 2467 accedere,
1090 2399 1297 2474 utsignisrcaret,
1315 2405 1356 2455 set

306 2484 434 2559 levissime
454 2487 592 2559 peccando
611 2491 699 2560 perire
716 2490 852 2556 virtutem,
879 2491 897 2544 i.
917 2510 941 2544 e.
967 2491 1051 2544 solam
1070 2492 1103 2544 ad
1122 2492 1198 2546 beate
1216 2492 1355 2544 vivendum

308 2572 391 2640 viam,
418 2575 457 2628 rel
476 2578 564 2646 potius
582 2578 661 2631 vitam
680 2578 784 2632 beatam
801 2579 901 2649 ipsam:
932 2579 1004 2650 quod
1031 2579 1051 2631 si
1079 2577 1208 2631 levissimo
1232 2577 1278 2632 frat
1303 2579 1355 2635 iarn

308 2673 432 2730 peccato,
452 2665 617 2734 gravioribus
630 2666 694 2719 item
711 2665 768 2718 fieri
787 2666 900 2730 debere3
923 2683 988 2734 ergo
1011 2666 1139 2737 nequalia
1156 2683 1213 2716 esse
1228 2676 1355 2733 peccatu:

309 2750 383 2821 quod
408 2750 429 2804 si
456 2751 568 2806 firmiter
593 2764 659 2807 esset
683 2772 838 2824 persuasum
857 2753 1024 2820 hominibus,
1051 2772 1097 2806 eos
1122 2754 1234 2805 maxime
1259 2772 1273 2805 a
1293 2772 1357 2824 pec-

248 2859 250 2864 ·
309 2835 396 2891 condo
414 2837 571 2892 deterritum
590 2840 632 2895 iri.
672 2840 810 2908 Quoniam
837 2860 899 2894 vero
923 2861 984 2895 rere
1002 2842 1075 2894 bono
1102 2840 1168 2893 nibil
1192 2852 1277 2912 potest
1301 2862 1358 2896 esse

309 2925 417 2992 meiius,
435 2938 530 2998 sponte
548 2928 627 2981 etiem
647 2928 783 3000 sequitur,
802 2948 871 3000 quae
890 2929 960 2981 bona
986 2929 1038 2981 sint
1063 2928 1179 2999 beneque
1198 2928 1284 2999 facta
1301 2947 1359 2980 esse

308 3014 477 3084 esquelio*).
521 3014 604 3082 Quod
631 3017 651 3069 si
678 3036 740 3069 vero
767 3016 942 3081 concesseris,
972 3027 1081 3087 peccata
1100 3035 1114 3068 a
1134 3035 1194 3069 rere
1213 3017 1289 3069 beata
1306 3017 1358 3071 rita

308 3099 458 3167 abducere,
475 3102 552 3156 facile
571 3104 717 3170 concedas,
742 3104 851 3157 stultum
870 3104 991 3176 adeoque
1009 3103 1132 3157 insanum
1151 3123 1221 3169 esse,
1250 3106 1295 3177 qui
1312 3125 1359 3157 ro·

310 3187 369 3263 lent
384 3188 523 3261 sciensque
542 3210 557 3243 a
578 3190 672 3246 virtute
689 3192 839 3259 recesserit,
856 3191 874 3244 i.
890 3211 914 3245 e.
933 3191 1096 3262 peccaverit,
1123 3192 1240 3263 itemque
1258 3210 1358 3244 couce-

311 3277 371 3343 det,
399 3278 472 3349 quud
492 3289 530 3347 est
553 3279 584 3331 in
604 3290 749 3350 quartos
773 3297 862 3334 omnes
885 3279 987 3331 stultos
1013 3279 1181 3331 insanire.
1230 3277 1359 3344 Quamvis
1392 3324 1396 3330 .

313 3380 374 3418 vero
392 3384 448 3419 non
466 3365 519 3421 boc
537 3367 688 3437 probaverit
706 3367 802 3421 Cicero
819 3386 852 3420 eo
870 3367 950 3432 loco,
968 3365 1013 3418 sed
1033 3366 1119 3416 soleam
1137 3367 1283 3433 sapientem
1301 3382 1357 3417 esse

312 3455 408 3517 nivern,
423 3453 450 3505 id
469 3464 557 3506 tamen
577 3473 639 3506 oum
657 3454 705 3507 itto
722 3455 758 3511 ita
776 3455 919 3508 cohaerere
945 3464 1015 3507 recte
1033 3451 1141 3515 dixeris,
1170 3463 1215 3514 ut,
1246 3451 1291 3522 qui
1316 3453 1359 3505 in-

313 3558 378 3594 sono
397 3560 488 3594 rerum
506 3541 675 3595 fortuitarum
694 3553 720 3611 et
740 3554 906 3596 externarum
934 3559 1025 3594 amore
1050 3549 1184 3603 tencatur,
1212 3557 1301 3590 servus
1328 3539 1360 3591 sit

314 3627 488 3698 cupiditatum
503 3648 624 3694 suarum,
643 3629 729 3682 itane
747 3629 815 3682 iiber
832 3631 940 3703 quidem
959 3626 1134 3698 appellandus
1150 3627 1289 3697 solumque
1308 3628 1359 3697 igi-

313 3725 359 3767 tur
375 3717 521 3784 sapientem
539 3736 594 3769 esse
612 3716 737 3782 liberum,
754 3717 840 3770 solum
856 3718 926 3778 item,
946 3733 1029 3786 quum
1044 3733 1133 3767 servus
1152 3711 1214 3765 civis
1231 3730 1286 3764 esse
1305 3732 1359 3765 non

370 3949 488 4018 >Atia
507 3968 544 4009 est
562 3954 642 4008 buius
658 3954 788 4009 Paradoxi
805 3952 919 4006 forma
912 3972 939 4004 m
959 3951 1029 4004 libro
1049 3948 1183 4002 Plutarchi
1203 3949 1235 4000 de
1254 3947 1361 4003 Stoico-

317 4040 378 4073 rum
405 4022 528 4097 Repugn.
559 4047 584 4117 p.
603 4029 691 4080 1038.
706 4023 737 4079 C.
760 4024 811 4090 D.,
846 4025 892 4076 ubi
923 4023 1020 4076 dicitur
1048 4023 1173 4091 probasse
1198 4019 1362 4096 Chrysippus

316 4090 383 4160 μήτε
401 4102 493 4146 κακίαν
511 4105 619 4158 κακίας,
645 4098 665 4163 'l
681 4092 813 4165 ἁμαρτίαν
839 4091 969 4180 ἁμαρτίας
993 4089 1167 4161 ιῖπεριχουσαν
1191 4097 1270 4156 εἶναι,
1297 4091 1361 4156 μήτε

318 4161 449 4233 αἱρετήν
430 4169 538 4235 αρετῆς,
562 4169 581 4238 ἤ
604 4167 769 4235 κατόρθωσιν
794 4161 992 4230 κατορθώσεως.
1043 4162 1122 4217 Conf.
1147 4163 1177 4217 F.
1198 4163 1231 4218 N.
1246 4161 1284 4214 G
1303 4160 1362 4212 Ba-

318 4246 399 4303 quet
415 4236 449 4293 de
465 4236 617 4311 Chrysippo
633 4238 746 4309 (boren
766 4238 845 4294 1822.
864 4237 948 4307 1..)ρ
965 4238 1016 4291 tot
1036 4254 1077 4306 sq.
