3059 4925
536 433 730 520 rrutooxon
757 475 806 521 ru.
834 477 903 524 cir.
923 479 957 525 u.
1196 462 1266 534 151

219 631 271 681 Eat
293 629 362 681 enim
392 629 511 702 aliquid,
539 632 612 702 qood
628 650 681 684 non
706 641 885 701 oporteat,
913 634 1019 688 etiamsi
1039 636 1135 694 lieet.
1185 643 1269 711 Quie-

217 716 284 786 quid
307 735 368 770 vero
388 718 560 780 nonlicet,
593 728 663 770 certe
687 737 739 770 non
770 730 917 788 oportet.
935 748 971 761 ·-
1011 726 1113 778 ·Deoere
1139 738 1166 781 et
1189 729 1267 784 licere

216 800 264 939 pb}
290 802 404 858 invicem
426 817 604 876 opponuntur
625 825 675 877 pro
702 806 788 861 Marc.
810 810 861 874 1⁰3
893 809 972 862 licere
991 821 1017 863 et
1036 812 1117 882 nefor
1140 832 1197 869 erse
1214 838 1264 888 pro

240 890 301 943 abo
322 894 348 944 4.
384 891 443 944 ΜΓ.

287 995 416 1065 quicquid
434 1016 485 1047 nore
504 1000 627 1065 oportet,]
653 996 792 1070 „Eiiiptice
817 1000 929 1068 dicitur,
955 1021 1005 1073 pro
1030 1014 1137 1075 oportet
1163 1008 1263 1081 aliquid

216 1098 271 1131 non
290 1082 387 1136 iacere.
424 1085 480 1136 lam
498 1103 560 1136 vero
578 1084 650 1155 apud
670 1085 828 1139 Ciceronem
847 1098 951 1157 oportet
969 1090 1017 1140 troc
1029 1091 1097 1159 fieri
1122 1091 1193 1146 idem
1212 1116 1262 1150 no-

216 1175 252 1220 tat
271 1188 304 1223 ae
321 1171 419 1240 justum
438 1182 490 1238 est,
509 1172 655 1226 secundum
671 1173 790 1226 officium
810 1185 857 1229 est.
902 1176 963 1230 vid.
992 1176 1117 1250 Heusing.
1145 1183 1177 1234 ad
1205 1183 1262 1238 Cic.

215 1255 273 1309 Off.
292 1258 337 1325 Hi,
356 1263 399 1312 28.
417 1262 442 1324 §.
462 1263 506 1313 15.
542 1259 616 1330 Ergo
635 1262 765 1333 quioquid
781 1281 834 1314 non
852 1274 958 1332 oportet
976 1264 1047 1317 idem
1066 1276 1112 1332 est,
1132 1270 1202 1322 acsi
1221 1263 1270 1323 dil

214 1352 291 1395 catur
306 1346 435 1416 quicquid
455 1358 493 1399 est
511 1358 604 1400 contra
624 1347 709 1418 legem
729 1349 886 1403 naturalem.
932 1348 961 1403 td
990 1363 1078 1404 autern
1097 1354 1184 1408 scelus
1209 1377 1263 1410 esse

213 1440 307 1498 putare
326 1431 460 1487 debemus.
495 1433 576 1487 Notat
594 1446 682 1487 antem
700 1434 785 1488 eteius
804 1456 938 1490 summum
957 1439 1083 1493 deiietnm
1111 1442 1199 1498 civile:
1224 1457 1263 1499 est

213 1519 284 1569 enim
305 1537 320 1571 a
338 1538 433 1590 graeca
452 1521 555 1592 origine
573 1523 645 1575 serbi
665 1527 743 1587 outo,
760 1535 838 1595 tego:
856 1524 919 1578 hinc
937 1526 1035 1580 dieitur
1053 1527 1135 1583 homo
1154 1543 1262 1601 opertus

212 1606 355 1660 sceleribus
373 1609 444 1680 apud
463 1608 540 1664 Cie“
558 1611 664 1681 Wytt.
706 1608 768 1662 Non
788 1609 851 1664 dixit
871 1610 968 1665 Cicero
985 1624 1095 1683 opertus
1113 1617 1262 1681 sceleribus,

213 1693 259 1745 sed
277 1706 415 1764 coopertae
432 1697 543 1748 scelere:
560 1696 676 1767 Philipp.
699 1693 760 1763 XII,
779 1700 805 1760 Ι,
826 1699 877 1760 15;
902 1709 928 1751 et
946 1712 1084 1768 coopertus
1102 1702 1260 1754 sceleribus:

212 1780 240 1832 in
260 1782 338 1836 Verr.
356 1781 416 1836 Aet.
433 1781 465 1849 ΙΙ,
484 1783 513 1837 L.
532 1781 552 1850 Ι,
570 1788 596 1850 4,
616 1787 640 1838 9.
663 1783 722 1838 Mr.
772 1785 881 1843 „Licere
909 1797 935 1839 et
963 1798 1082 1856 oportere
1107 1791 1144 1842 sic
1167 1787 1259 1841 distin-

98 1930 105 1940 ,
212 1868 286 1938 guit,
316 1880 345 1923 nt
371 1872 423 1925 hoe
446 1872 547 1944 speeies
570 1873 617 1937 sit,
650 1871 716 1924 iliud
742 1876 854 1942 genus.“
885 1873 959 1927 Fre.
978 1874 1067 1944 Sylr.

283 1993 368 2044 scelus
386 2023 420 2032 -
438 1995 530 2065 nefrn]
579 1994 687 2067 Operae
705 1998 820 2068 pretium
840 2008 877 2050 est
896 1996 998 2069 legere,
1025 2018 1092 2070 (luae
1112 1999 1144 2051 de
1163 1997 1258 2052 horum

172 2085 178 2100 ⁸
213 2079 402 2133 vocabulorum
420 2084 547 2137 sementia
567 2094 592 2136 et
604 2083 753 2137 differentia
764 2084 880 2155 disputat
896 2085 1067 2139 Doederlein.
1081 2086 1137 2138 Lat.
1155 2084 1258 2157 Synon.

213 2186 239 2221 u.
267 2168 383 2240 Etymoi.
407 2170 439 2224 ΙΙ.
465 2190 491 2242 p.
512 2175 563 2225 tet
584 2190 622 2242 sq.
653 2169 700 2241 qui
729 2182 834 2238 tamen,
866 2173 899 2225 de
931 2184 1023 2226 nostro
1051 2172 1111 2226 loco
1137 2172 1258 2244 loquens,

213 2259 371 2312 Ciceronem
390 2270 480 2313 censet
507 2279 561 2312 non
588 2269 642 2311 tam
670 2278 699 2311 ea
726 2258 888 2329 distinguere
913 2260 1037 2327 voluisse,
1069 2280 1149 2331 quam
1175 2278 1257 2312 unam

212 2347 379 2418 eandemque
397 2347 553 2400 sententiam
572 2346 687 2400 oratorie
706 2345 831 2414 dilatare,
857 2367 939 2419 quare
967 2367 1018 2401 nec
1036 2358 1155 2417 oportere
1180 2358 1207 2400 et
1223 2348 1259 2398 ti-

213 2451 269 2483 cere
288 2432 372 2505 magis
390 2429 549 2500 ἀντιθέτως,
568 2453 649 2507 quam
670 2430 837 2501 avennione,
856 2434 935 2507 poni,
954 2436 1095 2507 omnisque
1113 2436 1258 2489 sententiae

212 2520 263 2572 vim
282 2541 337 2574 esse
354 2523 442 2593 potius
466 2522 493 2574 iu
515 2542 578 2575 soce
596 2523 727 2596 quicquid
754 2542 802 2594 per
828 2521 1001 2594 Anaphoram
1024 2524 1150 2593 repetita.
1204 2521 1256 2574 Sed

211 2610 328 2664 conferri
347 2609 441 2676 selim,
460 2630 529 2683 quae
548 2610 580 2663 de
594 2623 709 2682 utroque
728 2611 857 2664 vocabulo
876 2613 975 2676 (scelus
993 2622 1019 2664 et
1035 2610 1129 2681 nefor)
1148 2628 1258 2662 eorum-

212 2717 265 2769 que
283 2697 447 2769 synonymis
465 2698 580 2769 disputat
605 2698 631 2750 in
651 2698 712 2751 libri
731 2698 947 2752 Doederleiniani
971 2718 1098 2766 censura,
1126 2718 1194 2771 quae
1220 2710 1258 2753 est

212 2785 239 2837 in
264 2784 352 2837 Jahnii
377 2786 501 2839 Annalib.
528 2786 634 2840 Philoll.
655 2791 734 2841 1829.
753 2787 798 2854 ΙΙΙ,
816 2791 841 2840 1.
866 2807 892 2859 p.
910 2789 945 2841 34
963 2806 1021 2859 sqq.
1050 2806 1131 2858 quam
1154 2787 1258 2856 scripsit

211 2870 245 2925 G·
267 2876 297 2927 C.
317 2874 347 2927 F.
365 2873 454 2940 Lisch,
472 2873 572 2946 Gymn.
590 2874 696 2928 Suerin.
714 2876 806 2928 Praec.
843 2873 872 2925 M
881 2893 902 2927 r.

282 2995 411 3066 quiequid
425 3014 477 3047 non
494 2995 581 3062 lieet,]
595 2993 695 3063 „Quod
715 2993 822 3047 vetitum
841 3004 880 3046 est
898 2993 1001 3065 legibus
1014 2994 1149 3058 civilibus,
1174 2994 1255 3047 debe·

211 3100 271 3134 mus
288 3093 381 3152 putare
399 3083 479 3154 neser
496 3101 566 3140 esse,
584 3082 601 3134 i.
620 3102 642 3135 e.
661 3084 725 3136 item
744 3094 838 3135 contra
856 3080 943 3153 legem
961 3081 1086 3143 divinam.
1122 3081 1191 3136 Nam
1203 3083 1256 3152 fos

210 3181 236 3223 et
253 3169 333 3239 nefas
342 3170 438 3224 dicitur
456 3171 484 3223 ia
502 3170 562 3241 iege
579 3181 689 3223 naturae
708 3189 727 3222 s.
748 3170 845 3235 divina,
864 3189 911 3224 av.
925 3170 997 3240 sori,
1015 3170 1087 3223 unde
1098 3180 1136 3223 est
1149 3170 1256 3240 sctum,

210 3258 283 3330 quod
302 3257 420 3310 divinum
438 3268 561 3329 putatur,
590 3258 680 3329 prouti
699 3277 723 3310 a.
741 3277 763 3307 r.
781 3276 858 3311 orare
876 3268 914 3310 est
931 3257 1084 3319 oraculum,
1103 3255 1175 3326 quod
1193 3254 1256 3307 item

209 3346 327 3398 divinum
346 3356 478 3399 censetur.
489 3374 524 3385 -
560 3345 697 3400 Sententia
711 3344 863 3416 argumenti
878 3363 910 3398 eo
929 3343 1007 3409 redit,
1027 3355 1056 3396 nt
1073 3343 1213 3395 virbonus
1230 3357 1256 3398 et

209 3432 314 3503 sapiens
331 3451 387 3485 non
405 3434 584 3487 absterreatur
608 3453 623 3487 a
646 3432 715 3486 maie
738 3432 862 3486 faciendo
892 3430 1075 3502 magnitudine
1097 3450 1255 3502 poenarum,

210 3537 279 3592 quae
296 3521 398 3574 delictis
416 3521 515 3593 poeitae
533 3532 596 3574 sunt
613 3540 663 3591 per
679 3520 751 3591 teges
769 3518 871 3587 civiles,
897 3520 942 3573 red
969 3519 1082 3573 eandem
1108 3519 1159 3571 vim
1183 3520 1256 3588 apud

210 3628 271 3661 eum
290 3609 385 3663 habeat
403 3621 429 3662 et
447 3609 486 3662 lex
505 3608 587 3663 civilis
604 3619 629 3662 et
650 3606 689 3660 les
716 3606 850 3659 naturaiis.
901 3610 994 3678 ltaque
1017 3606 1087 3659 hane
1115 3605 1256 3676 periodum

209 3697 253 3750 uti
273 3697 355 3750 modo
373 3697 508 3751 dilatando
526 3718 546 3751 e.
567 3717 614 3768 per
632 3695 805 3769 paraphrasin
824 3695 992 3767 interpretari
1009 3694 1084 3748 lieet:
1101 3694 1254 3748 Noaautem

207 3784 235 3837 in
254 3785 321 3838 vitae
338 3786 464 3839 'societate
482 3796 508 3839 et
526 3786 719 3839 consuetudine
738 3786 857 3839 actiones
874 3794 977 3838 nostras
994 3781 1110 3853 dirigere
1127 3782 1255 3837 debemus

208 3891 263 3924 non
284 3873 468 3943 magnitudine
485 3892 605 3943 poenae,
626 3893 706 3944 quam
726 3873 764 3925 ier
783 3871 866 3926 civilis
883 3871 985 3925 delictis
1002 3870 1138 3942 imposuit,
1156 3871 1201 3924 sed
1215 3892 1257 3925 ae-

208 3959 327 4015 cundum
348 3960 502 4014 facultatem
520 3962 588 4013 bene
606 3960 731 4025 faciendi,
750 3980 831 4030 quarn
847 3959 945 4029 cuique
963 3958 1065 4013 bomini
1085 3970 1179 4012 natura
1191 3976 1258 4010 con-

208 4048 291 4101 cessit.
327 4048 464 4119 Qnioquid
483 4048 798 4102 enhaeonnaotfieium
818 4058 864 4114 est,
884 4046 911 4099 id
930 4046 981 4117 legi
992 4058 1104 4101 naturae
1116 4055 1256 4114 repugnat,

208 4145 236 4188 et
251 4134 366 4187 eandem
384 4136 435 4187 vim
455 4136 526 4206 apud
547 4154 596 4188 nos
614 4135 712 4190 habere
730 4135 824 4201 debet,
842 4153 923 4207 quarn
941 4134 961 4187 si
981 4133 1040 4205 iege
1058 4131 1126 4186 civili
1138 4149 1256 4200 proece-

207 4219 263 4271 iere
289 4219 432 4275 habeatnra
461 4234 486 4276 et
505 4222 633 4293 quicquid
651 4224 709 4295 iege
729 4223 797 4279 civili
816 4221 1003 4286 vestrumea,
1027 4219 1079 4271 hoe
1096 4216 1159 4269 item
1186 4216 1256 4288 apud
