3059 4925
315 456 387 529 156
585 545 593 553 ι
634 476 806 524 oemooxi
834 474 1027 523 erorcoiuu.

308 655 371 689 vero
391 639 484 707 potima
505 651 582 688 suum
600 634 737 706 agendum
753 633 890 700 histrioni,
909 645 1051 706 propterea
1070 634 1140 688 solus
1158 634 1249 688 histrio
1268 637 1357 688 nomi·

308 733 402 776 natur:
420 723 467 794 qui
485 732 511 776 et
528 732 632 792 gestum
651 722 746 792 egebat
763 733 866 775 serrato
886 740 1011 788 numero,-
1027 733 1052 775 οι
1072 728 1165 793 po‘etae
1183 713 1272 776 versus
1292 743 1357 793 pro·

308 810 474 864 nuntiabam
511 808 730 863 AidManut.

379 901 414 949 In
434 898 491 949 vito
511 908 558 963 tu,
576 900 637 969 qui
663 898 734 950 omni
756 908 838 968 gestu
864 898 1038 964 moderatior,
1067 901 1137 952 omni
1164 920 1241 953 versu
1267 901 1356 969 aptior

308 1004 363 1038 esso
382 983 498 1051 debes,
522 991 554 1036 ut
573 986 602 1035 in
619 984 727 1054 syllaba
742 988 807 1054 etc]
844 984 910 1049 „Sic
936 987 1150 1057 quattuordecim
1176 988 1272 1058 scripta
1294 985 1354 1039 Atti

309 1073 432 1144 Nepotis,
451 1092 540 1144 neque
558 1071 635 1125 aliter
653 1072 709 1125 Pai.
727 1092 769 1143 pr.
786 1084 813 1125 et
829 1072 1022 1139 Mauricianus,
1041 1075 1091 1130 nisi
1110 1075 1182 1146 quod
1200 1074 1355 1128 destituere-

307 1174 353 1215 tur
371 1160 500 1233 particula
519 1171 566 1225 ut,
591 1175 672 1231 quam
690 1160 786 1213 ceteris
812 1160 865 1213 suis
883 1180 944 1213 mss
963 1182 1018 1215 non
1036 1161 1126 1215 adesse
1144 1162 1278 1216 adnotavit
1295 1161 1356 1213 Gu-

308 1250 423 1306 lielmius
442 1249 626 1321 probavitque.
673 1248 780 1319 Vuigsti
800 1267 871 1319 quoe
889 1248 1056 1314 etc-debet,
1076 1260 1107 1300 ot
1128 1252 1196 1303 etc.“
1219 1248 1355 1301 Gruter.

310 1340 339 1391 tn
357 1338 408 1391 Ed.
428 1338 538 1401 Lami„
558 1355 619 1390 cum
639 1355 691 1407 qua
710 1336 738 1389 in
757 1337 884 1391 omnibus
901 1337 965 1390 facit
983 1348 1072 1389 nostra
1092 1334 1203 1401 Coton„
1229 1334 1356 1388 scribitur

308 1435 345 1477 tu
363 1428 393 1477 in
412 1426 487 1478 vito:
511 1424 653 1489 nimirum,
671 1435 702 1478 ut
721 1435 752 1475 tu
772 1444 788 1478 a
807 1424 941 1496 principio
959 1422 1134 1500 oppositionis
1151 1422 1190 1475 ret
1207 1434 1356 1492 contrapo-

307 1512 349 1565 siti
366 1513 410 1581 (ut
425 1511 546 1584 loquitur
564 1511 777 1580 Quinctitianus)
795 1511 907 1583 legator,
925 1523 956 1565 ut
969 1512 1067 1577 ¹histrio
1085 1510 1269 1582 praeponitur.
1300 1507 1355 1562 Sed

308 1619 368 1654 vera
387 1601 522 1672 oppositio
540 1619 595 1653 non
615 1612 654 1653 est
672 1618 849 1671 personarum
868 1600 978 1663 (histrio
995 1595 1027 1653 et¹
1038 1603 1085 1666 tn)
1103 1598 1149 1651 sed
1167 1616 1260 1649 scenae
1272 1598 1355 1668 (quoe

307 1688 477 1759 intelligitur)
494 1699 521 1741 et
540 1690 619 1741 vitae.
654 1687 783 1743 Ceterum
802 1689 877 1742 abest
894 1706 1045 1758 pronomen
1066 1685 1205 1758 personale
1225 1697 1256 1737 tn
1276 1688 1354 1739 etiam

306 1776 340 1829 ab
358 1775 423 1829 011.
441 1776 581 1841 omnibus,
612 1774 671 1829 Cra.
690 1779 716 1830 3.
734 1774 803 1828 Ede.
832 1786 892 1828 vett.
908 1794 971 1828 cum
990 1774 1061 1829 Otiv.
1089 1776 1167 1828 Facc.
1191 1774 1355 1846 paucissimis

307 1864 434 1933 exceptiss
462 1865 521 1917 Asc.
549 1864 677 1917 nimirum
701 1864 812 1932 (1511.)
840 1862 920 1916 habet
938 1882 1000 1916 cnm
1019 1863 1086 1916 eod.
1104 1862 1213 1916 Duisb.:
1242 1863 1271 1913 in
1294 1862 1354 1913 vita

305 1963 370 2003 tuo
388 1970 457 2024 quos
473 1980 510 1991 -
528 1951 617 2015 debet,
635 1963 661 2005 et
684 1951 734 2004 Ed.
752 1952 820 2004 Ven.
837 1954 922 2003 1514:
939 1951 968 2001 in
988 1952 1046 2002 vito
1065 1953 1159 2021 itaque
1177 1961 1223 2006 to,
1242 1949 1302 2019 qui
1318 1977 1352 1985 -

307 2038 410 2092 debes·
444 2039 523 2092 Unus
549 2037 684 2107 Borgersii
713 2035 782 2089 Cod.
811 2036 885 2089 Leid.
911 2036 1036 2090 hebetia
1059 2037 1117 2089 vito
1136 2048 1218 2099 tum,
1240 2035 1308 2088 aiter
1324 2036 1353 2086 in

307 2126 365 2175 vita
383 2135 454 2176 tum
471 2137 516 2180 tu.
550 2125 683 2178 Duisb.in
700 2136 813 2180 mtuo.
831 2124 881 2179 01.
895 2123 927 2177 N.
940 2126 1019 2179 habet
1029 2127 1058 2178 in
1071 2127 1130 2177 vita
1139 2144 1208 2177 vero.
1244 2122 1353 2182 Drsdt.

272 2211 277 2222 ⁴
307 2216 335 2263 in
354 2213 412 2264 vito
430 2214 502 2273 tui5
521 2212 644 2267 Drsd.5.
664 2214 694 2265 in
719 2214 778 2264 vito
803 2214 928 2286 itaque
956 2216 1101 2266 omnium
1123 2223 1215 2283 gesto
1233 2212 1354 2264 modero-

307 2302 368 2355 tior.
403 2300 483 2353 Drsd.
498 2305 524 2355 4.
553 2303 624 2354 omni
640 2321 675 2354 re
693 2303 863 2358 moderatior.
906 2302 961 2354 Pro
979 2302 1049 2353 omni
1072 2321 1150 2353 versu
1169 2299 1220 2353 01.
1238 2300 1258 2351 Ι.
1275 2298 1353 2351 habet

306 2387 447 2460 omnique
472 2400 560 2442 versu.
594 2388 675 2442 Drsd.
696 2394 722 2443 1.
741 2392 767 2444 3.
784 2401 819 2442 st
837 2391 907 2443 omni
924 2408 1012 2446 versu.
1049 2390 1104 2442 Pro
1122 2408 1216 2455 versu,
1243 2409 1272 2440 ex
1291 2408 1355 2459 per·

306 2495 398 2547 peram
424 2476 493 2530 tecto
521 2478 699 2548 compendio,
729 2489 767 2531 est
786 2498 838 2530 usu
870 2479 898 2531 in
923 2478 991 2530 Ede.
1022 2497 1066 2549 ap.
1092 2477 1178 2531 Meus.
1195 2478 1256 2531 Par.
1275 2481 1355 2531 1507.

305 2561 384 2616 Hdlb.
415 2563 501 2635 Lugd.
529 2567 596 2618 Ven.
621 2569 709 2619 1492:
735 2566 808 2638 quod
833 2586 896 2620 cum
924 2567 951 2619 in
970 2566 1024 2620 suis
1050 2584 1160 2638 quoque
1183 2565 1252 2618 Edd.
1277 2585 1354 2636 repe-

306 2651 381 2704 risset
405 2651 469 2706 Fre.
493 2650 581 2722 sylv„
611 2655 759 2707 annotavit:
787 2654 838 2720 „in
866 2652 952 2707 codd.
970 2653 1028 2707 otiis
1055 2652 1151 2706 meiius
1171 2651 1297 2724 scriptum
1316 2663 1355 2704 est

307 2738 377 2789 omni
395 2756 514 2802 versu,
532 2749 562 2790 ut
578 2749 673 2809 gertus
691 2739 723 2791 ad
736 2750 856 2806 motum,
883 2759 976 2792 versus
995 2741 1028 2793 ad
1047 2740 1176 2812 syllabam
1195 2739 1355 2792 reinstorf*

267 2867 271 2874 .
307 2824 348 2876 Ad
367 2842 424 2876 rem
447 2825 568 2896 apposite
584 2825 636 2880 hoc
653 2826 728 2879 addit
744 2826 778 2879 ii.
800 2826 931 2880 Woifius:
952 2828 1086 2893 „Notetnr
1106 2839 1132 2882 et
1149 2828 1192 2882 bic
1209 2828 1297 2882 iocus:
1316 2827 1355 2878 vi·

306 2922 361 2964 tarn
378 2910 453 2963 omni
471 2923 546 2982 gestu
564 2913 787 2982 moderatiorem,
815 2916 889 2968 omni
915 2934 991 2969 versu
1015 2916 1146 2987 aptiorem
1172 2935 1227 2969 esse
1245 2917 1354 2969 debere:

306 3019 387 3069 quam
405 3000 616 3068 similitudinem,
634 3001 654 3055 si
673 3002 799 3055 Roscium
821 3002 956 3073 Euripidis
972 3003 1091 3074 aliquam
1104 3003 1268 3074 tragoediam
1286 3003 1355 3055 reci·

257 3113 259 3116 ⁴
307 3098 406 3141 tantem
418 3100 618 3160 spectassemus,
635 3088 716 3160 longe
734 3088 833 3143 rectius
850 3088 1085 3160 intelligeremus.“
1102 3090 1161 3142 Mr.

321 3227 323 3230 ,
376 3177 406 3228 in
422 3178 548 3234 vitato,
585 3197 675 3250 quoe
693 3205 727 3229 -.-
748 3177 873 3244 ἅψῃ]
893 3177 1035 3244 „Primum
1052 3178 1245 3232 attendendum
1263 3188 1302 3230 est
1320 3177 1354 3229 ad

306 3262 396 3316 vitium
416 3264 584 3336 scriptionis,
613 3265 691 3337 quod,
712 3264 843 3336 plurimos
868 3265 1008 3337 occupavit
1025 3265 1123 3320 librosz
1151 3268 1198 3338 qui
1215 3294 1250 3305 -
1270 3265 1356 3321 debes,

306 3369 389 3420 quum
409 3353 537 3406 sententia
558 3354 673 3423 postulet
691 3371 760 3425 quae
781 3381 815 3393 -
836 3352 925 3409 debet,
944 3373 980 3406 sc.
1000 3354 1065 3407 sita:
1091 3354 1157 3408 hacc
1174 3354 1246 3407 enim
1265 3372 1353 3424 oppo-

307 3438 379 3491 nitur
397 3440 497 3492 actioni
518 3440 645 3492 dramatis
661 3461 683 3493 s.
700 3459 810 3494 scenae:
837 3440 935 3493 deinde
958 3451 1054 3511 gestus
1079 3443 1194 3513 pertinet
1217 3442 1250 3494 ad
1277 3439 1353 3505 illud,

306 3525 379 3596 quod
399 3525 481 3578 modo
498 3525 600 3580 dictum
619 3536 672 3580 cst:
695 3546 723 3580 se
742 3528 824 3581 movit
847 3537 927 3581 estro
944 3548 1091 3583 numerans.
1109 3558 1143 3573 -·
1188 3530 1355 3583 Moderatior

306 3613 323 3663 i.
342 3632 367 3665 e.
386 3612 549 3680 ordinatior,
568 3616 653 3686 magis
670 3615 703 3669 ad
723 3628 809 3672 certas
826 3616 898 3689 teges
914 3628 1034 3671 exactus:
1059 3637 1121 3671 nam
1140 3619 1293 3671 moderatus
1312 3617 1354 3669 di·
1446 3654 1450 3660 -

306 3700 376 3753 citur
394 3719 409 3755 a
428 3701 535 3765 modus,
553 3704 627 3773 quod
646 3703 727 3758 etiam
746 3717 822 3760 notat
839 3725 1006 3772 mensuram,
1025 3726 1044 3759 s.
1063 3718 1195 3772 metrum,
1220 3706 1274 3760 sive
1292 3725 1353 3760 car·

307 3787 386 3839 minis
408 3787 461 3840 sive
484 3787 637 3844 saltationis.
685 3795 787 3863 Aptior
811 3805 901 3847 antem
924 3807 962 3848 est
980 3795 1066 3866 magis
1084 3795 1260 3866 compositus,
1287 3811 1355 3846 con-

306 3875 417 3938 cinnus,
435 3873 488 3927 suis
505 3877 624 3946 partibus
640 3879 784 3936 absolutus.
832 3882 901 3936 Nam
921 3882 1033 3937 tatinum
1057 3894 1140 3954 optus
1158 3896 1184 3937 et
1200 3894 1296 3952 optare
1315 3897 1353 3938 est
1381 3877 1384 3883 ’

305 3984 321 4016 a
341 3955 560 4032 granceiano,
581 3972 713 4022 nectere.“
732 3971 840 4042 Wytt.
875 3975 969 4042 Aptus
983 3973 1017 4026 ad
1035 3972 1191 4026 sententiam
1211 3972 1356 4042 respondet

306 4069 403 4123 graeco
435 4047 608 4121 εὐάρμοστος,
644 4068 672 4110 ut
707 4072 779 4113 recte
812 4060 950 4114 contendit
983 4059 1165 4124 Fomettinm,
1196 4057 1242 4130 qui
1273 4058 1354 4123 addit,

308 4149 404 4207 optem
419 4138 526 4192 dicendi
546 4161 631 4213 genus
649 4163 711 4197 curu
731 4164 869 4198 nuoreroso
888 4149 923 4200 ita
941 4147 1026 4220 iungi,
1045 4161 1074 4202 ut
1091 4148 1259 4202 concinnitas
1277 4159 1354 4200 note-

307 4238 357 4278 tur.
395 4227 436 4280 Ad
455 4229 534 4282 totius
551 4228 604 4283 loci
622 4232 781 4286 sententiam
799 4233 877 4300 iacit,
907 4234 979 4304 quod
999 4246 1037 4288 est
1055 4236 1088 4289 de
1106 4235 1165 4289 oft.
1185 4238 1203 4301 Ι,
1223 4240 1267 4301 40,
1287 4239 1353 4288 145:
