3059 4925
388 477 550 527 axomsus
572 477 614 526 ιι.
647 480 689 524 ιιι
712 478 907 527 ιιιιιιιοιιοιι
934 480 956 542 ι,
972 475 998 530 s.
1148 451 1220 526 331

178 638 245 693 sioni
264 637 379 694 adbibita
398 638 588 712 leguntur,›ut
603 638 633 692 in
651 637 743 709 quinta
761 637 822 691 libri
841 640 892 692 lX:
910 640 982 693 Milli
1000 658 1061 692 vero
1079 639 1117 689 ad
1130 641 1224 694 Nonas

178 728 241 780 bene
258 737 395 779 moturum
413 729 521 780 videtur
533 727 607 799 fore·
648 726 683 781 Et
700 726 769 781 libro
787 727 856 780 XVl.
874 728 986 795 Timui,
1016 731 1057 780 Tu
1082 745 1145 778 vero
1162 744 1226 779 con-

173 815 228 884 fice
243 815 447 887 professionem,
466 816 599 886 sipotos:
624 815 677 867 etsi
694 815 761 866 boec
776 814 891 884 pecunia
908 833 942 867 err
961 834 992 869 ao
1007 833 1103 886 genere
1120 824 1174 879 est,
1193 826 1225 867 ut

175 900 341 972 professione
357 921 410 955 non
426 913 515 975 egeat.

248 990 362 1043 Minime
389 1000 479 1044 autem
507 989 646 1062 principiis
669 998 773 1043 tantum
799 988 843 1043 illa
864 989 1036 1062 pronomina
1065 988 1226 1043 adhibentur

178 1089 304 1149 aequente
329 1078 460 1149 particula
484 1096 564 1131 vero:
593 1078 621 1130 id
644 1088 694 1145 eet,
718 1088 749 1132 ιιι
774 1078 827 1131 sint
852 1078 939 1149 prima
964 1075 1090 1150 epistolae
1115 1076 1227 1131 alicuius

180 1164 267 1217 verba.
302 1164 427 1236 Legimus
444 1166 516 1218 enim
534 1164 562 1218 in
581 1183 627 1232 ea,
653 1184 722 1237 quae
740 1176 780 1219 est
796 1165 907 1237 septima
926 1165 987 1219 libri
1006 1165 1056 1218 lX:
1081 1164 1228 1218 Canobum

179 1252 254 1319 opud
268 1253 373 1317 Seium,
402 1271 483 1325 quum
507 1252 616 1324 utrique
639 1248 760 1305 nostrrlm
784 1252 907 1329 rpdditoe
934 1262 999 1306 sunt
1025 1270 1043 1303 a
1070 1263 1097 1304 te
1122 1252 1227 1308 literae.

179 1337 268 1388 Mtte·
294 1354 377 1391 oero
404 1340 460 1391 iom
477 1352 616 1392 moturum
631 1338 747 1391 ridetur.
797 1338 854 1407 Qui
879 1338 959 1395 etiam
977 1339 1052 1395 locus
1077 1339 1226 1404 confirmat,

179 1424 252 1494 quod
270 1424 304 1478 dc
321 1424 522 1481 barumvocum
540 1446 589 1480 usu
606 1426 667 1479 dixi.
699 1425 872 1481 Manifestum
890 1430 962 1498 enim
981 1438 1020 1482 est
1034 1428 1146 1501 perinde
1164 1446 1228 1494 esse,

87 1563 90 1566 ι
180 1511 249 1565 acsi
269 1511 383 1584 diceret}
398 1513 527 1569 Rcdditae
544 1526 638 1569 sunta
656 1525 681 1568 te
693 1514 800 1581 literae,
818 1516 917 1588 quibus
934 1535 1021 1589 rogas,
1038 1534 1073 1570 an
1092 1526 1227 1570 maturum

179 1596 242 1650 mibi
262 1598 386 1654 videatur.
422 1602 494 1653 Mitt
511 1619 572 1654 vero
590 1601 644 1654 iam
662 1612 798 1655 maturum
817 1602 929 1656 ridetur.

249 1685 359 1740 Alicubi
376 1697 466 1741 autem
483 1687 519 1741 ita
540 1686 717 1758 respondetur
733 1686 784 1742 bac
803 1686 933 1759 particula
951 1706 1021 1752 vero,
1037 1697 1067 1740 ut
1085 1685 1164 1739 simul
1178 1704 1227 1740 ne·

179 1783 269 1844 getur,
294 1774 367 1845 quod
385 1774 486 1828 dictum
504 1775 598 1836 luerit:
624 1786 654 1828 ut
671 1775 705 1828 ad
722 1774 840 1830 Atticum
857 1774 908 1846 Ep.
928 1777 962 1829 13
979 1774 1046 1844 (sive
1063 1776 1112 1839 14,
1141 1784 1173 1826 ut
1198 1774 1226 1826 in

179 1862 236 1917 aliis
254 1861 336 1929 Edd.)
353 1860 414 1915 libri
433 1863 483 1915 lll:
504 1864 575 1913 Nam
592 1863 665 1934 quod
682 1862 776 1915 scribis
794 1872 821 1914 te
838 1863 948 1930 cudite,
973 1880 1013 1914 me
1030 1863 1112 1913 etiam
1130 1860 1226 1913 mentis

180 1967 267 2001 errore
282 1968 317 1999 ex
335 1949 424 2002 dolore
440 1950 530 2018 offici.-
549 1942 735 2003 milri‘oero
752 1969 824 2002 mens
841 1951 950 2021 integro
967 1959 1019 2002 est.
1041 1995 1043 1998 ,

252 2036 489 2105 Quemadmodum
508 2047 595 2091 autem
613 2037 672 2090 illae
684 2037 819 2109 epistolae,
839 2056 908 2108 quae
925 2037 954 2090 in
966 2036 1054 2108 primo
1070 2035 1163 2088 limine
1179 2033 1228 2088 ba·

180 2123 246 2177 bent
264 2124 420 2195 particulam
436 2144 514 2190 vero,
541 2124 716 2196 praecedente
742 2126 920 2197 pronomine,
948 2124 1132 2196 respondentis
1157 2135 1227 2189 sunt,

179 2211 215 2263 ita
234 2211 312 2266 etiarn
333 2230 402 2284 quae
425 2211 525 2265 babent
546 2213 613 2265 Ain‘
631 2211 686 2265 to?
719 2212 758 2266 vel
778 2213 844 2266 Ain’
869 2211 999 2264 tandem?
1042 2211 1081 2265 Ut
1103 2210 1226 2288 vigesima

178 2301 265 2370 prima
284 2299 344 2353 libri
363 2300 412 2352 lX:
437 2299 503 2352 Ain’
520 2297 650 2351 tandem?
678 2298 798 2351 insanire
821 2298 871 2350 tibi
897 2299 1008 2363 videris,
1037 2298 1109 2369 quod
1125 2297 1227 2349 imitere

177 2387 315 2440 verborum
341 2406 470 2454 oscorum,
494 2396 527 2439 ut
551 2385 658 2451 scribis,
678 2385 823 2457 fulmina?
867 2386 909 2438 Ab
933 2384 984 2439 illis
1008 2396 1097 2438 autem
1120 2382 1229 2436 vocibus

176 2476 244 2527 Ain’
262 2475 317 2528 tu?
343 2476 447 2530 orditur
466 2474 791 2547 quandam-udAtticum‚
810 2485 926 2546 quaeest
936 2474 1028 2545 quinta
1039 2470 1101 2524 libri
1112 2471 1230 2543 quarti.“
1248 2498 1250 2515 ι

176 2563 271 2616 Verbo
288 2582 400 2616 monere
428 2563 541 2617 debebat
557 2561 724 2635 Stephanus,
751 2561 965 2634 distinguendam
991 2579 1045 2613 esse
1071 2578 1086 2611 a
1111 2556 1227 2611 formula

177 2650 342 2704 asseverandi
360 2653 420 2721 Ego
437 2670 500 2703 vero
515 2650 626 2706 alteram
644 2655 705 2723 Ego
720 2661 828 2717 autem,
853 2659 979 2722 quaeest
1004 2647 1044 2700 rel
1068 2646 1227 2718 adversativa

179 2739 232 2804 vel,
257 2758 338 2811 quam
364 2739 472 2804 dicunt,
500 2740 693 2795 continuativa:
727 2738 798 2792 Fieri
824 2738 902 2807 inde,
930 2738 1028 2793 docere
1056 2744 1175 2807 poterat,
1201 2743 1231 2787 ut

179 2838 236 2879 tum
254 2826 427 2882 asseverando
443 2837 500 2881 ιιιιιι
520 2828 644 2898 negando
663 2827 798 2880 inserviat·
829 2827 893 2886 Mr,

602 2942 808 2955 ——-

567 3062 780 3124 EXGURSUS
802 3064 851 3123 tv,

424 3200 499 3275 an
525 3198 867 3277 rsnuuoxou
891 3200 924 3296 1,
948 3198 993 3273 n:

209 3358 388 3445 --Atqnc
409 3356 494 3423 baec
515 3358 655 3446 quidem
678 3358 846 3436 -focile
866 3353 998 3422 adduci
1021 3353 1131 3418 solent
1153 3363 1194 3416 ut

180 3456 216 3518 io
241 3455 341 3521 rebus
362 3455 458 3519 bonis
479 3481 553 3524 esse
575 3472 724 3548 negent:
745 3457 840 3523 illud
856 3444 972 3522 tomen
986 3465 1083 3519 arcte
1104 3461 1222 3516 tenent

283 3570 562 3647 accurateque
583 3560 790 3640 defenduut,
810 3561 1025 3648 voluptatem
1046 3575 1119 3620 osse

537 3684 711 3726 summum
733 3659 869 3727 bonum.

249 3799 754 3872 Huncegolocumcum(a.181t).)
780 3803 903 3876 Lugduni
926 3801 1088 3856 Batavonrm
1106 3797 1223 3869 legerem
1325 3832 1330 3835 -

179 3906 240 3941 cum
258 3887 469 3959 Wyttenbacbio
494 3888 565 3941 inter
588 3891 740 3962 complures
765 3892 822 3945 eius
845 3888 1004 3961 discipulos,
1028 3904 1121 3941 sanum
1148 3884 1228 3956 plane

179 3978 255 4030 stab
273 3978 346 4031 omui
365 3976 426 4030 labe
443 3975 591 4030 immunem
610 3978 808 4047 existimabam,
834 3994 951 4049 eumque
969 3996 984 4030 a
1004 3976 1112 4029 nemine
1140 3971 1227 4025 adbuc

178 4072 277 4117 tactum
296 4078 349 4116 esse
367 4064 454 4134 probe
478 4065 594 4120 sciebam
621 4084 683 4120 cum
703 4066 804 4120 ceteris.
851 4066 886 4120 Αι
902 4064 963 4133 ille,
988 4062 1109 4132 ‚‚llabet,
1134 4058 1229 4129 inquit,

178 4164 225 4201 vox
242 4159 369 4205 accurate
387 4151 504 4223 aliquam
523 4154 730 4222 dubitationem,¹
757 4167 787 4210 ut
805 4154 902 4210 Cicero
928 4154 1038 4209 fortasse
1064 4150 1142 4203 aliter
1159 4146 1229 4199 scri·

178 4235 258 4304 psisee
275 4237 400 4292 rideatur.
438 4236 492 4292 Vns
510 4242 574 4313 quid
592 4243 625 4296 de
644 4262 674 4296 ea
693 4262 722 4305 rc
743 4243 880 4306 sentiatis,
898 4240 1016 4313 proxima
1035 4235 1100 4291 mibi
1118 4233 1232 4287 lectione
