3059 4925
504 468 699 518 namnoxnu
715 470 764 516 111.
789 472 859 519 cto.
875 473 910 519 n.
1149 446 1221 521 137

173 627 218 699 qui
237 627 352 681 mediam
372 627 494 682 tollerent
517 628 627 698 eiusque
652 627 713 683 ioco
738 639 904 699 reponerent
925 629 1048 699 quondo,
1075 630 1147 702 quod
1167 651 1223 684 non

172 713 233 766 ideo
252 714 383 785 ingratam
402 713 496 767 dixisse
517 713 620 768 videtur
637 713 689 769 Or.
706 714 809 770 inferre
827 714 997 780 varietatem,
1030 716 1093 787 quia
1112 720 1223 773 auribus

172 812 238 855 esset
251 802 370 873 ingrata,
396 802 442 856 sed
461 800 524 873 quia
543 800 632 872 primo
656 802 784 873 adspectu
810 801 1017 873 ambiguitatem
1035 804 1120 873 parit,
1147 825 1224 877 quae,

171 885 425 960 siquandoquidem
450 888 629 954 scriberetur,
657 889 769 944 abesset.
818 888 946 954 Accedit,
971 889 1045 961 quod
1064 893 1223 962 compendia

173 991 268 1028 vocum
287 976 395 1045 quondo
411 981 437 1029 et
455 976 581 1047 quonium
605 984 668 1029 sum
695 974 845 1040 simillima,
867 984 894 1029 et
910 976 990 1047 pauci
1007 985 1069 1029 sunt
1087 974 1226 1033 Ciceronis

172 1058 241 1127 loei,
269 1061 367 1132 quibus
385 1062 493 1134 quondo
518 1060 570 1114 hac
594 1062 724 1116 sententia
742 1062 876 1133 positum,
905 1073 1005 1117 certam
1029 1062 1109 1118 habet
1126 1063 1226 1117 eedem.

174 1148 236 1202 Vid.
255 1147 341 1203 Orell.
359 1150 393 1203 ad
421 1148 453 1201 F.
470 1147 505 1200 A.
520 1146 615 1200 Wolfri
645 1147 756 1204 scholas
780 1148 809 1202 in
827 1148 926 1203 Tusce.
944 1146 995 1201 Ν.
1009 1146 1034 1219 5.
1053 1151 1097 1203 34.
1115 1169 1141 1221 p.
1160 1152 1223 1205 att.

172 1254 223 1289 nos
244 1237 278 1290 ad
300 1238 397 1292 Tusco.
424 1234 515 1290 iocum
545 1234 662 1289 eundem
686 1233 770 1289 T.11.
797 1255 824 1306 p.
841 1238 893 1291 ddi
912 1255 953 1306 sq.
971 1263 1006 1274 —
1042 1234 1097 1288 Pro
1112 1236 1224 1304 profici·

171 1333 288 1375 acuatur
310 1335 349 1378 est
369 1323 595 1393 proficiscantur
625 1322 654 1374 in
674 1321 742 1376 eod.
767 1322 848 1377 Drsd.
866 1325 894 1379 1.
939 1320 970 1375 ln
996 1320 1226 1394 On.1.sequitur
1273 1367 1284 1382 ,

172 1410 403 1464 animadvertunt.
438 1408 469 1462 ln
488 1428 564 1481 seqq.
588 1428 639 1480 pro
657 1410 774 1482 itemque
792 1408 880 1463 Codd.
902 1408 975 1463 Gud.
993 1409 1027 1462 A.
1054 1408 1119 1463 Oss.
1136 1409 1169 1464 E.
1189 1409 1223 1462 U.

171 1496 267 1552 Duisb.
285 1498 411 1568 itaque.
429 1496 509 1551 Drsd.
528 1500 555 1551 1.
573 1499 599 1551 3.
617 1497 734 1568 itemque
751 1498 761 1548 i
767 1506 813 1550 to.
847 1497 918 1550 Tum
938 1495 1003 1550 On.
1014 1495 1045 1550 E.
1060 1494 1080 1549 l.
1098 1507 1225 1548 esnonont

173 1602 225 1653 pro
242 1592 370 1647 manant,
389 1582 491 1653 quoin
509 1581 641 1636 consimili
659 1584 790 1637 sententia
808 1601 872 1637 usus
889 1594 929 1637 est
946 1581 1002 1637 cie
1022 1583 1055 1635 ad
1075 1585 1162 1649 Aua,
1174 1585 1223 1635 21:

172 1669 246 1721 malo
260 1678 355 1722 nostro
370 1668 452 1720 istinc
468 1678 643 1722 emanant.
681 1666 735 1721 Sed
749 1668 897 1722 admodum
911 1669 1004 1739 exigua
1016 1669 1128 1723 istorum
1138 1669 1225 1724 Codd.

172 1763 212 1809 e‘st
229 1754 381 1809 auctoritas.
416 1754 500 1810 iidem
521 1754 664 1827 posthaec
682 1773 744 1810 oum
763 1756 845 1810 Drsd.
864 1761 890 1810 2.
915 1755 1013 1811 habent
1038 1765 1078 1806 ut
1100 1756 1170 1818 eint3
1196 1757 1224 1810 in

172 1840 254 1895 Drsd.
282 1844 308 1895 d.
336 1840 435 1912 legitur
461 1842 590 1913 nequalia
612 1860 690 1897 esse
712 1862 818 1895 neeesse
841 1853 891 1897 est.
946 1843 971 1896 A
996 1841 1068 1897 Gud.
1082 1843 1125 1897 A.
1151 1843 1225 1897 abest

173 1929 238 1981 sint.
273 1927 332 1980 ΜΓ.

246 2017 275 2068 Α
290 2014 482 2084 philosophis,]
502 2013 588 2069 Codd.
606 2014 679 2069 Gud.
698 2016 730 2069 A.
749 2015 800 2069 Οι.
820 2034 849 2079 ψ.
885 2018 1067 2087 Epicurus
1092 2037 1110 2068 o
1135 2018 1226 2087 patto-

174 2103 280 2172 sopitis3
303 2101 384 2156 Drsd.
401 2106 420 2157 4
438 2113 465 2156 et
482 2106 508 2158 5.
545 2102 724 2172 Epicurus
748 2113 865 2166 autern
891 2122 909 2155 a
931 2104 1097 2173 philosophis
1124 2105 1224 2175 inquit.

176 2189 244 2245 eod.
262 2188 322 2244 Cra.
333 2193 359 2243 1.
395 2190 543 2242 Scilicet
559 2190 737 2258 Epicurus
755 2207 774 2240 a
783 2189 1057 2262 philosophisinquit.
1093 2189 1226 2261 Agnoscis

175 2278 214 2331 sei
226 2276 333 2330 nemine
344 2286 472 2330 monente
483 2293 593 2329 manum
606 2273 766 2346 glossatoris,
779 2294 831 2331 nee
841 2295 904 2329 sero
914 2277 1060 2331 admodum
1073 2279 1154 2333 docti.
1167 2277 1226 2330 Mr.

245 2367 275 2419 A
289 2364 467 2435 philosophis]
486 2363 532 2434 qui
550 2360 653 2416 scilicet
671 2361 720 2415 sibi
738 2362 809 2416 inter
827 2382 854 2416 se
872 2382 928 2416 non
940 2365 1119 2419 consentiunt.
1155 2363 1223 2417 Nam

175 2453 226 2508 hac
242 2453 298 2526 ipsa
316 2453 350 2507 de
368 2470 397 2506 re
415 2461 518 2524 pugnat
536 2469 598 2505 cum
617 2448 714 2505 Stoicis
732 2447 895 2516 Antiochus,
916 2461 945 2504 ut
962 2461 1001 2505 est
1017 2450 1047 2504 in
1058 2448 1185 2505 Academ.
1197 2455 1224 2505 4.
1275 2490 1280 2499 .

176 2559 236 2613 cap.
251 2543 296 2595 43.
333 2539 432 2593 Facc

245 2628 347 2698 inquis]
388 2626 515 2698 stupuit,
541 2624 691 2680 duodecim.
737 2625 853 2696 inquid,
881 2626 945 2680 duo.
990 2627 1086 2698 Inquit
1116 2625 1227 2698 uliquis,

176 2717 274 2769 unus“
291 2714 365 2768 Aid.
383 2713 514 2769 Manut
551 2712 680 2786 „inquies
704 2730 741 2766 sc.
757 2712 868 2785 aliquis,
894 2714 1049 2788 quicunque
1068 2717 1133 2770 est.“
1151 2714 1225 2767 Fre.

177 2799 268 2872 Syiv.
303 2801 444 2868 „imitatur
461 2800 656 2867 adversarium,
674 2800 729 2873 qui,
748 2819 811 2855 eum
830 2801 947 2856 rationes
964 2803 1081 2856 refutare
1096 2821 1150 2855 non
1163 2821 1225 2872 pos·
1327 2810 1360 2821 ‘'

177 2888 226 2955 sit,
244 2901 366 2945 auctores
383 2908 477 2944 earum
496 2888 579 2943 elevat
596 2897 676 2960 atque
695 2888 853 2942 contemnit.
890 2886 986 2942 Cicero
1004 2898 1093 2941 autern
1113 2906 1162 2957 per
1181 2889 1224 2942 in·

179 2977 325 3033 versionem
351 2977 468 3032 rationes
490 2996 550 3030 suas
574 2975 666 3030 eadem
692 2975 863 3043 auctoritate,
896 2994 977 3047 quam
1002 2974 1046 3028 iiie
1069 2974 1226 3039 contemnit,

180 3063 329 3119 confirmat.
365 3065 435 3135 Quis
452 3068 525 3119 enim
543 3074 638 3137 negat,
657 3063 736 3119 bonis
753 3076 781 3118 et
797 3064 961 3136 sapientibus
985 3062 1045 3116 viris
1063 3061 1227 3118 credendum

178 3171 232 3205 esse
260 3153 364 3223 potius,
396 3171 476 3224 quam
502 3151 661 3219 lenonibus,
688 3151 785 3205 baindis
809 3164 836 3206 et
861 3150 1033 3222 operariis?“
1066 3149 1098 3202 Η.
1122 3148 1227 3202 Wolf.

179 3238 243 3303 „Est
260 3239 401 3293 adversarii
418 3239 568 3294 obiicientis
584 3238 650 3293 haec
678 3248 705 3292 et
724 3238 800 3309 quasi
825 3237 937 3291 dicentis
954 3235 1020 3290 isaeo
1043 3253 1099 3287 esse
1118 3249 1177 3289 sera
1197 3234 1225 3288 in

179 3324 398 3398 pbilosophorum
417 3326 530 3401 scholis,
550 3345 601 3382 nec
617 3345 680 3380 vero
698 3325 726 3378 in
745 3325 797 3378 vita
816 3322 954 3378 communi
973 3333 1000 3375 et
1018 3321 1134 3374 veritate.
1179 3318 1227 3372 Ci-

179 3430 240 3466 cero
260 3414 405 3485 respondet
427 3415 544 3469 oratorie
571 3425 597 3469 et
617 3415 691 3486 quasi
716 3414 836 3469 comice:
864 3410 1033 3475 Metuebam,
1064 3427 1097 3461 ne
1126 3406 1228 3460 diceres

178 3499 241 3555 haee
259 3519 303 3554 me
320 3501 489 3572 sumpsisses
508 3501 657 3557 lenonibus.
696 3502 755 3557 Hoc
770 3502 843 3555 enim
860 3498 977 3554 absurdo
994 3497 1070 3551 solvit
1082 3495 1227 3549 absurdum

178 3585 331 3653 adversarii,
359 3589 434 3661 quasi
452 3608 483 3643 ea
502 3608 572 3662 quae
597 3588 796 3661 aphiiosopbis
818 3596 1004 3650 sumerentur,
1030 3585 1118 3637 minus
1142 3594 1229 3637 essem

179 3692 252 3741 vera,
271 3694 353 3748 quam
372 3695 441 3747 quae
459 3696 474 3730 e
492 3678 593 3749 nugari
612 3678 661 3732 vita
681 3678 865 3749 peterentur.“
883 3674 1064 3748 Wyttenb.

248 3761 350 3834 inquit,
369 3764 548 3832 intereuntis]
585 3764 663 3820 Unus
680 3763 731 3819 01.
748 3782 778 3827 ψ.
797 3763 944 3839 inquisito,
967 3760 1039 3813 unde
1066 3757 1168 3814 Gernh.
1200 3780 1227 3815 se

179 3865 322 3916 agnoscere
346 3850 383 3919 ait
406 3848 435 3903 in
466 3852 637 3905 annotatione
665 3871 752 3907 veram
780 3849 917 3905 Ciceronis
943 3867 1071 3915 manum,
1101 3848 1231 3921 inquis,

178 3933 246 3999 istu,
264 3955 345 4007 quam
359 3936 498 3991 exhibeant
518 3949 571 3992 tres
589 3936 694 4004 Aldini,
719 3937 787 3991 Edd.
805 3936 902 3991 Graes.
921 3935 1000 3989 Face.
1019 3935 1123 3991 Ernest.
1142 3933 1229 4004 Lugd.

179 4021 257 4076 15⁶6.
291 4024 401 4079 Poterat
415 4025 516 4079 addere
533 4024 566 4079 Η.
583 4024 670 4078 Wois.
690 4025 759 4079 Aud.
778 4024 835 4076 Tai.
853 4023 929 4096 syth.
945 4022 1007 4077 ΑΜ.
1018 4026 1097 4078 1548.
1109 4033 1136 4075 et
1148 4023 1228 4074 1552.

178 4106 255 4164 Boni.
274 4112 387 4167 Lambb.
405 4113 483 4169 Grut.
503 4114 590 4170 Gron.
609 4115 692 4169 Verb.
710 4114 783 4168 otis.
802 4114 889 4169 Weta.
907 4111 995 4168 Schtz.
1038 4112 1092 4164 Sed
1116 4111 1173 4179 ipse
1200 4109 1228 4160 in

179 4194 313 4252 Addendis
337 4199 404 4254 haec
427 4202 563 4273 apposuit:
592 4202 679 4270 „Tho
705 4201 842 4258 Bentleius
867 4200 955 4272 patrui
982 4197 1140 4251 auctoritate
1165 4211 1227 4246 curn
