3059 4925
294 437 315 507 2
622 457 794 508 ranunculi
823 433 1016 500 srorconuu.

295 628 546 710 rogatiunculis,
583 627 676 707 quasi
710 626 854 706 punctis,
891 623 979 703 quod
1013 621 1202 703 proposuit,
1218 620 1344 683 'eflicit

296 764 360 829 Sed
388 762 467 827 nihil
496 767 548 825 est
578 765 645 826 tam
671 760 881 835 incredibile,
916 758 1004 837 quod
1032 774 1099 819 non
1126 756 1264 818 dicendo
1290 754 1345 817 liat
1371 734 1385 746 χ

294 898 483 998 probabile:
526 897 605 959 nibil
633 901 701 959 tam
727 896 915 970 borridum,
949 898 1016 955 tam
1047 893 1221 966 incultum,
1256 890 1344 971 qnod

294 1053 362 1099 non
382 1033 586 1115 splendescat
608 1021 758 1095 oratione
778 1033 810 1092 et
827 1032 994 1107 tamquam
1013 1027 1193 1090 excolatur.
1246 1022 1344 1101 Quod

295 1188 370 1234 cum
396 1169 441 1231 ita
467 1172 627 1249 putarem,
654 1167 716 1229 leci
743 1166 841 1228 etiam
869 1163 1035 1239 audacius,
1062 1178 1160 1242 quam
1185 1160 1240 1222 ille
1264 1160 1345 1240 ipse,

295 1304 335 1368 de
364 1322 430 1385 quo
458 1305 590 1400 loquor7
645 1301 726 1366 Cato
756 1302 844 1365 enim
870 1295 1029 1362 duntaxat
1055 1296 1096 1359 de
1122 1294 1345 1400 magnitudine
1439 1375 1442 1380 .

295 1438 413 1513 animi,
441 1438 481 1500 de
508 1438 724 1512 continentia,
752 1436 793 1526 de
820 1438 943 1509 morte,
970 1434 1011 1496 de
1037 1433 1128 1496 omni
1153 1433 1251 1495 laude
1277 1433 1344 1494 vir-

296 1572 382 1647 tutis,
411 1572 451 1634 de
478 1571 538 1634 diis
566 1549 816 1648 immortalibus,
843 1570 883 1632 de
910 1570 1044 1632 caritate
1074 1568 1210 1649 patriae,
1237 1566 1344 1630 Stoice
1401 1603 1408 1612 ·

208 1761 214 1767 .
295 1710 388 1783 solet,
415 1709 567 1772 oratoriis
590 1708 791 1774 ornamentis
813 1706 976 1780 adhibitis,
1003 1703 1122 1766 dicere.
1172 1701 1245 1779 Ego
1264 1716 1344 1763 vero

295 1842 351 1905 illa
371 1843 453 1923 ipsa,
480 1859 564 1923 quae
591 1844 647 1904 vix
674 1844 706 1905 in
734 1842 910 1921 gymnasiis
938 1844 970 1902 et
996 1841 1030 1900 in
1054 1839 1122 1901 otio
1143 1837 1244 1900 Stoici
1265 1853 1343 1916 pro-

295 1979 391 2053 bant,
426 1977 541 2040 ludens
563 1979 689 2058 conjeci
715 1978 748 2037 in
775 1975 966 2036 communes
991 1935 1095 2035 locos,
1147 1970 1242 2050 Quae
1268 1970 1346 2051 quia

296 2117 371 2175 sunt
406 2112 612 2175 admirabilia
646 2114 825 2190 contraque
865 2108 1056 2190 opinionem
1085 2107 1260 2184 omnium,
1302 2107 1344 2168 ab
1407 2105 1411 2109 ‘

264 2262 268 2272 “
295 2247 373 2339 ipsis
395 2246 493 2322 etiam
518 2228 718 2340 παράδοξα
743 2247 968 2327 appellantur3
993 2247 1118 2307 tentare
1140 2242 1241 2317 volui,
1267 2259 1345 2323 pos-

297 2384 410 2443 sentne
434 2380 576 2461 proferri
600 2381 634 2443 in
658 2382 775 2456 lucem,
801 2379 834 2441 id
858 2382 915 2455 est,
941 2380 975 2441 in
1001 2378 1121 2455 forum,
1147 2382 1179 2441 et
1203 2378 1248 2441 ita
1271 2377 1345 2451 dici,

268 2522 332 2601 ,ut
361 2517 597 2597 probarentur,
634 2536 677 2581 an
710 2519 775 2580 alia
802 2516 964 2598 quaedam
991 2518 1077 2577 esset
1102 2513 1246 2587 erudita,
1280 2514 1345 2574 alia

297 2652 466 2731 popularis
493 2653 616 2714 oratio:
652 2669 759 2732 eoque
792 2651 908 2730 scripsi
940 2650 1109 2725 libentius,
1146 2649 1236 2727 quod
1265 2648 1344 2710 mibi

295 2785 367 2860 ista,
392 2769 593 2879 παράδοξα
621 2805 706 2868 quae
732 2788 908 2866 appellant,
934 2786 1077 2849 maxime
1099 2784 1251 2848 videntur
1272 2802 1344 2848 esse

295 2916 464 2985 Socratica
486 2921 650 3000 longeque
670 2922 851 2998 verissima,
902 2920 1051 3001 Accipies
1068 2921 1166 3000 igitur
1185 2921 1249 2984 boc
1267 2938 1344 3001 par-

263 3073 374 3155 ¹vurn
409 3056 621 3136 opusculum,
658 3059 863 3121 lucubratum
898 3058 948 3121 bis
974 3058 1045 3138 jam
1073 3056 1345 3121 contractioribus

295 3190 464 3254 noctibus:
491 3193 648 3271 quoniam
672 3194 754 3258 illud
777 3192 941 3258 maioru‘m
963 3195 1148 3275 vigiliarum
1171 3212 1288 3257 munus
1311 3196 1343 3257 in
1394 3176 1396 3185 ,

295 3329 352 3388 tuo
385 3326 521 3389 nomine
550 3328 719 3408 apparuit:
754 3334 787 3392 et
813 3318 999 3408 degustabis
1025 3347 1127 3409 genus
1155 3331 1221 3392 boc
1247 3345 1343 3391 exer·
1504 3306 1507 3313 ¹

295 3459 487 3524 citationum
512 3478 637 3538 earum,
664 3464 782 3544 quibus
808 3466 855 3526 uti
882 3466 1048 3538 consuevi,
1073 3481 1149 3526 cum
1174 3480 1224 3539 ea,
1259 3479 1343 3542 quae

248 3616 257 3627 ·
287 3592 446 3658 »dicuntur
471 3595 507 3658 in
537 3577 664 3661 scbolis'
690 3587 857 3680 θετικοί,
891 3601 933 3663 ad
965 3604 1115 3662 nostrum
1140 3599 1205 3661 boc
1230 3586 1343 3661 orcitu-

286 3730 379 3793 ·rium
413 3729 577 3794 transfero
612 3732 740 3799 dicendi
773 3744 885 3813 genus.
946 3734 1018 3797 Hoc
1049 3738 1159 3796 tamen
1194 3750 1277 3813 opus
1311 3734 1343 3797 in
1379 3708 1386 3715 X

294 3869 465 3952 acceptum
493 3870 531 3928 ut
554 3867 696 3944 referas,
724 3870 803 3933 nibil
830 3871 979 3950 postulo:
1011 3887 1080 3933 non
1106 3873 1155 3932 est
1180 3869 1283 3943 enim,
1309 3873 1345 3930 ut

278 3999 329 4081 „in
354 4015 432 4062 arce
456 4001 536 4079 poni
564 4004 686 4081 possit,
721 4007 815 4084 quasi
841 4007 901 4070 illa·
923 4006 1072 4075 Minerva
1098 4004 1250 4068 Phidiae:
1286 4005 1344 4068 sed

293 4128 420 4211 tamen,
445 4139 482 4197 nt
508 4152 549 4197 ex
575 4137 692 4200 eadem
719 4139 854 4203 officina
879 4141 987 4203 exisse
1013 4146 1180 4221 appareat
