3059 4925
627 450 832 500 rnoounruu.
1210 434 1257 506 19

203 606 274 659 libro
297 604 412 659 literar.
436 606 650 679 Spozicrglinge]
676 606 740 662 baec
764 611 844 664 verba
867 612 974 667 insititio
999 613 1126 668 iudicasse
1154 616 1255 680 dixerit,

204 693 427 766 assentienteeque
447 705 541 749 nactus
558 694 590 750 sit
603 695 763 748 Wetcelium
783 708 809 751 et
822 698 1020 772 Buchlingium,
1040 702 1087 773 qui
1103 721 1133 756 eo
1151 703 1256 757 uncinis

203 782 385 848 incluserunt,
405 793 435 836 ut
451 783 515 836 item
530 782 617 837 Bentl.
636 782 737 837 Gernb.
761 784 864 854 Nobb.,
891 808 945 841 non
971 800 1059 843 temen
1079 791 1255 863 obsequentes

203 869 297 923 babuit
313 869 485 941 Borgersium
505 882 531 925 et
551 869 700 938 Orellium,
720 892 837 944 quorum
856 874 912 942 hic,
931 876 1066 948 (quamvls
1082 876 1146 931 Scb.
1165 879 1193 929 io
1211 879 1255 929 lu-

204 976 258 1010 cem
275 959 464 1029 interpretstus
481 957 514 1011 sit
527 958 555 1010 in
575 960 688 1029 vulgus,
706 971 736 1012 ut
750 961 846 1031 sorum
863 982 952 1034 neque
970 965 1085 1018 arctiore
1103 982 1191 1037 neque
1215 965 1255 1018 la·
1280 986 1293 1008 ’-

203 1043 271 1097 tiore
289 1064 367 1097 sensu
384 1046 496 1118 intelligi
515 1066 591 1118 posse
609 1047 680 1101 dicat
697 1046 800 1103 Gernb.
818 1050 881 1121 quis
900 1050 932 1104 de
950 1053 1009 1123 ipso
1026 1053 1087 1105 foro
1104 1072 1160 1105 non
1180 1055 1257 1124 cogi·
1270 1049 1299 1086 “-

203 1134 295 1187 taverit
313 1131 387 1199 Cic..
406 1133 459 1186 alio
476 1145 565 1188 autern
583 1155 661 1190 seusu
680 1136 751 1190 idem
770 1149 845 1206 esset,
864 1140 936 1211 quod
953 1140 981 1191 in
992 1141 1104 1207 locem),
1135 1139 1186 1194 Or.
1204 1141 1255 1212 igi-

204 1231 248 1273 tur
267 1219 348 1287 dicit,
366 1220 475 1276 abiectis
489 1221 529 1275 bis
547 1224 656 1278 vocibus
671 1225 700 1275 in
720 1226 806 1277 lucem
824 1227 903 1280 nimis
926 1228 1083 1299 ambiguum
1107 1229 1166 1282 lore
1189 1228 1254 1281 illud

201 1309 274 1380 pros.
288 1310 319 1361 in
334 1310 434 1361 lucem:
450 1310 528 1382 prior
544 1310 675 1366 Codicum
694 1314 868 1368 concordiam
886 1316 964 1369 asiert
984 1317 1077 1387 [quam
1094 1326 1183 1370 tamen
1201 1316 1255 1369 dis·

203 1398 327 1452 cordiam
342 1398 437 1451 eodem
455 1399 515 1452 iure
534 1399 649 1468 dixeris],
669 1400 765 1454 deiude
784 1421 861 1455 usum
880 1401 1033 1467 Ciceronis,
1051 1403 1099 1475 qui
1119 1402 1184 1455 baec
1198 1403 1253 1473 ipsa

203 1484 307 1555 saepius
324 1486 498 1539 coniunxerit.
544 1485 590 1541 Sic
607 1506 658 1557 pro
677 1487 744 1541 Sest.
764 1493 813 1542 24:
850 1510 932 1562 quum
957 1509 1031 1544 nemo
1060 1502 1177 1543 vestrum
1197 1491 1255 1561 fo-

203 1590 274 1624 rum
291 1602 327 1613 -
345 1592 419 1626 nemo
438 1574 545 1626 lucem
563 1574 698 1643 adspicere
716 1575 815 1637 vellet5
839 1577 872 1629 ad
892 1578 1008 1631 Herenn.
1026 1579 1072 1643 lV,
1090 1580 1138 1632 13:
1165 1581 1205 1627 Tu
1227 1576 1255 1627 in

197 1660 317 1731 forum
331 1662 452 1730 prodire,
471 1673 503 1714 tu
522 1662 631 1713 lucem
650 1663 797 1730 conspicere
817 1692 852 1705 -
870 1665 1000 1717 conaris?
1025 1665 1106 1718 Addit
1124 1663 1156 1717 de
1174 1664 1253 1716 Finn.

203 1747 237 1814 V,
255 1752 306 1803 29:
325 1752 381 1801 Nec
408 1768 456 1820 ego
479 1750 570 1802 solus:
597 1760 630 1802 tu
651 1750 748 1814 ctiam,
774 1751 932 1822 Chrysippo,
958 1753 986 1802 in
1002 1752 1094 1821 soro,
1112 1751 1197 1801 domi:
1226 1752 1254 1802 in

202 1836 294 1887 schola
312 1837 412 1889 desinis
417 1857 428 1900 ,·
447 1836 519 1891 addit
537 1838 581 1891 B.:
600 1839 631 1889 id
646 1849 688 1890 est
714 1857 771 1892 non
789 1858 896 1911 semper
913 1839 1068 1910 glossemata
1094 1836 1252 1908 significare,

202 1922 352 1979 docuerunt
368 1923 474 1980 Rubnlr.
491 1926 525 1979 ad
545 1925 637 1996 Vellej.
647 1926 680 1992 ll,
695 1920 738 1982 28.
754 1937 782 1981 et
798 1926 882 1981 Goer.
900 1927 933 1980 ad
952 1927 1035 1980 Aead.
1047 1928 1068 1992 Ι,
1080 1932 1111 1990 2;
1131 1926 1163 1977 de
1174 1924 1253 1977 Finn.

202 2011 233 2079 ll,
253 2019 278 2066 2.
297 2042 332 2053 -
375 2012 444 2067 Add.
463 2012 594 2068 chsner.
612 2014 644 2067 ed
660 2012 716 2068 Cic.
737 2013 849 2087 Eclogg.
868 2036 895 2087 p.
904 2019 966 2069 415.
985 2015 1027 2067 ed.
1044 2013 1089 2069 alt.
1108 2025 1135 2067 et
1151 2032 1201 2065 nos
1220 2012 1253 2065 ad

203 2100 259 2157 Cic.
279 2102 312 2156 de
335 2101 368 2154 N.
387 2100 422 2155 D.
440 2100 460 2165 l,
478 2105 522 2155 30.
540 2119 567 2172 p.
577 2103 629 2157 132
640 2122 679 2172 sq.
704 2102 746 2156 ed.
774 2104 837 2173 maj.
864 2115 890 2156 et
911 2104 945 2156 ad
969 2103 1066 2157 Tusce.
1084 2106 1109 2167 5,
1127 2104 1153 2155 3.
1172 2121 1198 2170 p.
1209 2102 1252 2154 23.

203 2189 287 2244 Orell.
306 2189 338 2242 ad
358 2187 414 2246 Cic.
445 2188 519 2242 Brut.
539 2192 583 2255 62,
603 2194 664 2243 ²22.
684 2210 710 2261 p.
720 2193 782 2245 801.
801 2192 842 2245 ed.
870 2191 956 2245 Beier.
982 2190 1069 2245 Klotz.
1095 2189 1129 2241 sd
1156 2188 1252 2241 Tusce.

202 2278 245 2342 tlt,
264 2281 290 2331 1.
308 2296 334 2348 p.
344 2279 413 2343 264,
433 2276 479 2347 qui
498 2275 531 2330 de
549 2287 642 2330 nostro
660 2276 721 2331 loco
739 2277 854 2350 loquens
878 2296 993 2350 eumque
1009 2273 1173 2342 defendens,
1199 2295 1253 2328 esse

200 2383 252 2437 pro
271 2365 357 2416 idest
376 2364 405 2416 in
424 2364 527 2437 aliquot
546 2362 632 2417 Codd.
651 2365 831 2437 (quamquam
851 2366 956 2431 nescio,
976 2365 1086 2437 quibus)
1104 2365 1187 2429 idem3
1205 2364 1253 2416 de-

202 2451 284 2525 nique
301 2452 388 2508 Klotz.
406 2453 439 2507 ad
459 2452 531 2507 Lael.
550 2473 576 2524 p.
586 2455 638 2508 tet
654 2473 693 2526 sq.
713 2465 738 2508 et
757 2476 784 2527 p.
794 2457 856 2511 203.
874 2453 934 2508 Mr.

273 2541 399 2613 Proferri
414 2542 443 2594 in
460 2542 561 2606 lucem,
579 2542 609 2592 id
625 2551 675 2605 est,
692 2543 722 2593 in
734 2543 857 2612 sorum,]
885 2541 1026 2611 „Proferri
1043 2541 1071 2590 in
1090 2539 1173 2590 lucem
1191 2539 1209 2590 i.
1229 2558 1251 2591 e.

203 2629 308 2683 edendo
326 2628 438 2701 vulgari,
457 2640 487 2682 ut
504 2628 536 2681 ad
556 2627 696 2683 cuiuslibet
714 2629 896 2699 cognitionem
915 2626 1092 2700 pervenirent.
1128 2630 1191 2675 box
1202 2644 1251 2677 au-

203 2704 263 2771 tem¹
275 2714 423 2788 opponitur
444 2715 469 2769 b.
494 2715 513 2768 l.
537 2714 643 2770 scbolae
661 2727 688 2769 et
710 2715 870 2788 gymnasiis,
898 2715 995 2787 quibus
1023 2713 1102 2784 vulgo
1131 2716 1252 2764 ἐπίθετον

203 2804 296 2856 umbro
320 2803 455 2858 tribuitur.
499 2802 547 2857 sic
570 2801 629 2858 Cic.
653 2804 760 2861 locutus
784 2816 823 2858 est
847 2804 880 2857 de
905 2801 968 2855 Seu.
984 2806 1010 2867 4,
1038 2799 1071 2853 de
1095 2798 1143 2852 Or.
1161 2798 1182 2865 Ι,
1203 2802 1251 2855 34:

203 2891 350 2943 Educenda
368 2891 450 2943 dictio
468 2899 510 2943 est
527 2909 560 2942 cx
579 2891 630 2943 lioc
649 2891 793 2944 domestico
811 2891 1047 2943 exercitationem
1066 2888 1205 2939 umbratili
1224 2889 1252 2938 in

203 2979 314 3030 medium
333 2996 441 3050 agmen,
465 2978 494 3031 in
510 2978 660 3047 pulverem,
684 2979 712 3032 in
730 2979 871 3032 clamorem
888 2996 940 3027 -.·
965 2987 993 3027 et
1015 2975 1067 3025 itta
1092 2982 1253 3025 commento-

204 3068 242 3120 tio
259 3068 366 3119 inclusa
383 3070 412 3119 in
429 3067 556 3119 veritatis
573 3066 658 3119 lucem
674 3065 838 3137 proferendo
856 3076 906 3118 eet.
951 3061 993 3116 Cf.
1011 3061 1092 3115 Tusr.
1109 3066 1134 3126 2,
1155 3063 1197 3114 26.
1216 3088 1251 3098 -

203 3153 300 3207 Verbis
317 3158 346 3206 ire
358 3155 453 3226 forum
480 3151 536 3207 Cic.
561 3153 689 3225 explicat,
717 3172 863 3225 quamnam
888 3152 976 3206 luceru
1002 3150 1087 3215 dicat,
1112 3148 1129 3200 i.
1149 3167 1172 3200 e.
1195 3166 1251 3198 non

203 3241 384 3312 cognitionem
404 3240 546 3295 hominum
563 3240 591 3293 in
610 3240 662 3294 vita
685 3242 786 3311 privata
813 3241 987 3303 cusantium,
1015 3237 1061 3289 sed
1086 3237 1113 3287 in
1139 3234 1252 3304 publicis

202 3328 330 3400 negotiis,
349 3346 418 3401 quae
436 3347 492 3381 uno
510 3327 621 3381 nomine
638 3326 745 3399 generis
760 3327 888 3380 dicuntur
900 3325 996 3395 forum
1019 3334 1046 3376 et
1057 3323 1183 3393 forensia
1201 3339 1250 3374 ne-

203 3418 289 3487 gotia,
309 3427 339 3469 ut
358 3415 532 3488 explicuimus
549 3416 582 3469 ad
602 3415 710 3469 initium
728 3413 807 3468 huius
825 3412 953 3467 exordii.“
969 3412 1009 3463 W
1016 3420 1076 3483 ytt.
1239 3484 1243 3491 ι

274 3505 313 3555 Et
330 3504 372 3554 ita
391 3504 452 3569 dici,
469 3514 502 3557 ut
518 3503 718 3574 probarentur‚]
737 3501 824 3557 Codd.
843 3502 922 3555 Drsd.
932 3504 958 3554 1.
975 3503 1001 3554 il.
1018 3510 1045 3551 et
1063 3500 1106 3550 ita
1125 3498 1157 3548 di
1163 3515 1250 3562 cere3

204 3589 284 3645 etsie
308 3590 441 3663 posterior
463 3591 513 3645 sibi
538 3602 657 3659 constet,
682 3608 744 3645 cum
770 3591 799 3644 in
826 3588 1044 3643 antecedentibus
1070 3586 1165 3639 hebeat
1188 3603 1250 3653 pos-

203 3695 289 3729 semne
300 3678 329 3730 in
341 3679 426 3730 lucem
441 3679 574 3751 proferre.
610 3679 665 3732 Pro
676 3697 714 3730 on
725 3679 783 3730 olio
796 3677 846 3731 Ox.
855 3695 885 3740 ψ.
893 3675 974 3729 habet
987 3695 1023 3726 an
1041 3676 1142 3727 talio.
1161 3674 1250 3746 Verba

203 3777 230 3816 et
248 3767 291 3817 ite
318 3767 371 3818 dici
395 3776 428 3819 ut
446 3765 627 3836 probarentur
651 3764 844 3820 Cod.Crz.1.
868 3766 902 3819 ab
930 3764 981 3819 alia
1005 3781 1087 3816 manu
1114 3761 1143 3815 in
1167 3779 1250 3831 marg.

203 3852 283 3907 habet
300 3852 398 3907 addita.
434 3845 509 3907 ldem
522 3873 586 3909 cum
604 3855 720 3909 Drsd.3.
738 3854 837 3908 omittit
854 3863 923 3905 esset
942 3870 1004 3906 cum
1023 3848 1090 3903 Cod.
1107 3849 1177 3903 Pith.
1191 3847 1250 3899 Mr.

276 3945 370 4014 quue
387 3943 483 4012 scripsi
500 3941 627 3994 libentius
637 3942 657 4010 ‚]
676 3944 784 4014 „quue
800 3942 864 3999 lios
888 3941 981 3992 locos
1005 3938 1100 4007 scripsi
1117 3935 1250 3995 libentius,
1349 4004 1352 4010 Ι

204 4030 428 4101 quattuordecim.
464 4035 576 4082 Locos
593 4029 689 4099 scripsi
707 4028 848 4100 libentius,
866 4037 927 4080 tres.
961 4029 1053 4096 quue
1075 4025 1134 4074 tos
1158 4022 1249 4073 locos

202 4118 299 4184 scripsi
322 4118 497 4172 lubentius.“
534 4116 607 4171 Atd.
630 4117 756 4170 Manui.
800 4114 910 4168 Addunt
927 4115 1005 4168 verba
1030 4115 1078 4165 lios
1095 4112 1165 4163 locos
1185 4106 1249 4158 Oxx.

131 4218 136 4223 “
203 4217 310 4275 praeter
329 4206 369 4274 F...
388 4224 491 4273 omnes,
510 4205 629 4276 itemque
647 4203 718 4258 Gud.
740 4201 772 4258 C.
788 4205 820 4257 A.
838 4203 869 4257 Β.
888 4202 947 4256 Οτι.
966 4206 992 4256 1.
1009 4199 1116 4265 Ecleng.
1135 4192 1249 4246 Drsd.1.

920 4288 967 4361 2.
