3059 4925
209 458 214 467 '
301 456 376 530 218
630 479 803 527 rimooxa
830 477 1024 526 urorcornu.

300 638 353 693 bile
371 637 436 709 quid
458 645 612 691 narrantem
632 636 695 690 fucit
712 636 813 692 Aldum
831 635 977 699 Graevius,
1001 634 1182 706 duodeviginti
1202 636 1259 690 eius
1277 638 1354 692 codi-

300 745 344 779 ces
361 724 458 778 babere
478 730 532 777 Gur
546 743 596 794 ego
615 725 790 777 stimulem
809 740 857 780 me.
893 723 947 777 Sed
966 722 1035 777 salva
1054 742 1097 777 res
1115 735 1162 776 est.
1208 724 1279 777 Suos
1304 724 1354 779 ba-

299 813 363 865 bere
382 811 445 876 tuit,
465 810 537 882 quod
556 829 622 863 nos:
642 829 738 864 novem
757 831 807 864 cur
823 830 873 882 ego
890 829 930 862 me
948 812 1077 866 simulem.
1125 810 1167 864 ,td
1192 814 1350 866 sententiam

299 899 333 952 ci.
352 899 407 952 cte.
430 917 479 969 pro
497 896 570 951 Mur.
590 900 635 964 ²⁹,
653 902 716 953 612.
732 899 858 970 quonium
880 917 934 950 non
956 908 998 950 est
1017 898 1091 951 nobis
1108 899 1175 951 haec
1192 902 1280 953 orntio
1298 903 1352 952 Irn-

301 987 388 1039 bendu
417 995 467 1037 aut
495 998 564 1036 curre
584 986 709 1053 imperito
737 985 927 1050 multitudine,
961 994 1013 1036 out
1039 985 1068 1037 in
1097 986 1191 1058 aliquo
1216 997 1349 1039 comntu

300 1073 467 1144 agrestium
488 1073 516 1125 in
531 1073 586 1127 Pis.
605 1075 648 1139 28,
668 1075 716 1126 tt:
736 1075 799 1125 Non
817 1072 893 1142 apud
907 1072 1043 1133 indoctos,
1070 1073 1131 1128 sed,
1159 1083 1192 1124 ut
1208 1092 1259 1146 ego
1277 1074 1350 1125 orbi-

299 1172 373 1226 tror,
400 1161 430 1213 in
455 1161 588 1213 bominum
612 1160 854 1213 eruditissimum
881 1169 909 1211 et
934 1158 1186 1211 humanissimorum
1210 1170 1286 1212 coetu
1310 1161 1350 1212 lo·

265 1300 268 1303 ¹
301 1248 472 1408 quor-qum:-
486 1365 521 1376 -
539 1354 591 1388 non
608 1336 704 1402 sunt]
741 1333 788 1389 Est
805 1335 908 1386 sintin
926 1333 995 1387 Edd.
1013 1332 1084 1389 viet.
1102 1332 1172 1386 Rob.
1189 1332 1280 1405 Stepb.
1297 1331 1349 1386 Ca-

189 1468 195 1479 ,
294 1434 368 1478 'mec
403 1422 483 1490 Quae
501 1422 731 1488 accommodatio,
757 1422 971 1494 repugnantibus
996 1421 1071 1474 libris
1094 1422 1200 1492 seriptis
1217 1421 1350 1486 omnibus,

301 1512 334 1564 ad
352 1509 555 1564 antecedentem
574 1510 775 1565 coniunctimm
795 1510 905 1581 loquor,
924 1509 1006 1562 nimia
1025 1519 1073 1562 est.
1108 1508 1139 1560 M
1146 1528 1168 1561 r.

370 1600 396 1653 si
413 1599 481 1670 quid
495 1600 524 1650 in
550 1599 594 1650 liis
611 1599 714 1651 studiis
737 1615 832 1667 operor
854 1597 1003 1666 posuerim,
1026 1594 1205 1666 perdidisse?]
1247 1595 1302 1648 Pro
1325 1595 1349 1646 si

301 1686 368 1756 quid
385 1685 462 1739 babet
480 1686 553 1757 quod
570 1684 639 1739 cod.
655 1685 764 1751 Duisb.‚
784 1686 960 1757 siquidem
979 1682 1047 1738 Cod.
1066 1683 1145 1737 Drsd.
1166 1687 1193 1737 t.
1236 1683 1289 1735 Pro
1309 1684 1350 1735 liis

301 1783 339 1824 est
357 1774 409 1824 hiis
429 1773 456 1825 iu
475 1772 534 1827 Cre.
554 1777 598 1839 t.‚
615 1774 677 1825 istis
695 1773 723 1825 in
743 1774 802 1825 Cra.
813 1778 854 1836 2.;
871 1775 929 1841 opis
946 1792 999 1845 pro
1015 1774 1115 1841 operis,
1134 1772 1255 1844 neglecta
1274 1790 1350 1825 com·

301 1859 391 1931 pendii
410 1859 509 1931 figura,
529 1860 596 1914 cod.
613 1860 694 1914 Drsd.
712 1863 738 1914 5.
781 1858 855 1913 ldem
882 1861 1064 1929 perdidissem·
1091 1860 1151 1912 Mr.
1194 1859 1351 1929 „Frequens

301 1958 339 2002 est
356 1947 437 2001 dictio
455 1966 562 2017 operum
579 1950 609 2000 in
626 1949 722 2019 alipes
745 1968 774 2001 re
789 1948 900 2018 perdere
916 1947 934 2001 ἰ.
954 1967 977 2001 e.
996 1949 1093 2002 frustra
1111 1947 1139 2000 in
1159 1966 1190 2001 ea
1209 1947 1350 2011 laborasse,

267 2080 273 2086 .
301 2037 386 2090 multo
405 2036 497 2089 labore
514 2035 581 2090 nibil
599 2035 727 2088 effecisse.
762 2035 845 2102 Quod
865 2054 927 2088 vero
946 2035 1048 2106 pergit:
1072 2036 1174 2087 dietum
1197 2044 1237 2085 est
1254 2034 1351 2104 igitur,

273 2167 275 2172 ,
302 2123 329 2176 in
349 2142 381 2177 eo
408 2122 562 2175 continetur
586 2122 743 2175 instauratio
768 2121 975 2176 constructionis
1002 2142 1050 2193 per
1072 2122 1243 2194 parenthesin
1267 2121 1351 2175 inter·

302 2219 409 2279 ruptae,
431 2228 483 2282 qua
502 2208 530 2261 in
549 2208 741 2263 instauratione
766 2209 926 2283 plerumque
951 2220 1064 2263 utuntur
1086 2209 1216 2281 particula
1235 2208 1348 2281 igitur.“

302 2298 410 2367 Wytt.
452 2295 553 2349 Similis
576 2297 753 2365 constructio,
779 2309 840 2370 post
864 2298 1032 2352 intervallum
1058 2297 1144 2350 mults
1168 2297 1289 2369 longius,
1315 2306 1353 2349 est

302 2383 399 2439 Tuscu.
418 2383 438 2450 Ι,
457 2388 501 2452 28,
520 2388 570 2439 682
602 2389 651 2451 Ut,
676 2406 779 2458 quum
797 2386 955 2438 uidemus
977 2387 1089 2455 speciem
1112 2384 1230 2453 primum
1254 2384 1353 2435 condo·

305 2492 411 2546 remque
430 2474 512 2550 coeli,
532 2475 593 2526 dein
611 2501 646 2516 -·-
664 2503 700 2515 -
718 2494 803 2547 usque
820 2475 853 2530 ad
872 2474 898 2546 5.
914 2479 958 2529 tu.
977 2472 1159 2545 undetriginta
1176 2472 1253 2525 lineis
1270 2475 1353 2525 inter-

305 2560 410 2631 positis,
431 2561 482 2616 ubi
507 2563 608 2633 pergit:
638 2563 706 2614 bueo
736 2562 853 2633 igitur
879 2572 907 2613 et
932 2562 991 2613 aliu
1016 2561 1224 2616 innumerabilia
1253 2581 1352 2633 quum

303 2648 492 2714 ceruimus,
521 2667 699 2717 possumusne
725 2648 865 2712 dubitare,
897 2651 963 2720 quin
986 2660 1037 2702 etc.
1062 2649 1146 2702 vPost
1175 2649 1243 2701 uiris
1267 2649 1353 2721 pergit

304 2736 363 2788 Cra.
378 2737 404 2788 l.
420 2735 556 2800 marinam,
573 2737 629 2790 nisi
644 2736 808 2806 sapientem,
825 2753 882 2790 erse
900 2736 1029 2798 liberum
1049 2736 1116 2790 Cod.
1134 2736 1216 2791 Drsd.
1232 2740 1257 2791 b.
1276 2736 1354 2790 babet

304 2821 370 2880 uiris
388 2841 456 2874 nora
472 2822 681 2892 sapientibus,
699 2841 729 2877 ex
749 2841 824 2877 more
843 2823 1030 2892 librariorum,
1058 2826 1153 2889 verba,
1170 2845 1240 2898 quae
1258 2841 1353 2897 parum

303 2909 498 2980 intelligerent,
515 2909 641 2982 proximis
658 2912 894 2980 accommodandi,
915 2932 1004 2967 veram
1022 2913 1075 2968 loci
1092 2915 1251 2967 sententiam
1269 2913 1356 2983 negli-

303 2996 395 3066 gendi.
431 2996 491 3051 Mr.

376 3085 477 3138 diorum
491 3096 533 3139 est
550 3087 638 3157 igitur
655 3115 689 3128 -
707 3106 764 3141 esse
781 3090 919 3156 immunem]
938 3090 1070 3156 „Dictum
1087 3100 1143 3153 est,
1160 3088 1257 3160 inquit,
1274 3088 1356 3141 nimi-

305 3193 366 3228 rum
384 3192 441 3227 non
460 3192 475 3226 a
492 3173 589 3228 Stoicis
608 3175 705 3242 modo,
730 3176 777 3228 sed
804 3176 985 3231 aSocraticia
1011 3177 1151 3243 omnibus,
1177 3187 1206 3230 nt
1227 3187 1266 3230 est
1283 3176 1356 3248 apud

304 3263 444 3316 Platonem
462 3272 489 3315 et
505 3261 744 3334 Xenophontem.“
761 3263 785 3315 F
791 3284 861 3318 aec.
899 3264 1068 3331 „Collocatio
1086 3262 1207 3318 vocabuli
1230 3264 1357 3315 neminem

304 3349 331 3404 in
351 3350 405 3403 sine
423 3350 500 3422 positi
519 3362 548 3405 et
570 3351 653 3405 moris
671 3363 710 3407 est
740 3352 845 3406 romani
875 3364 902 3406 et
928 3351 1038 3423 insignis
1061 3350 1222 3405 efficaciae.“
1248 3351 1354 3420 Wytt.

303 3438 432 3492 Similiter
450 3438 538 3490 omnio
558 3456 620 3491 cum
640 3439 663 3492 si
682 3440 793 3509 ponitur
811 3440 839 3493 in
858 3439 927 3504 fine,
945 3439 979 3494 de
997 3438 1055 3494 Oli.
1065 3440 1087 3506 l,
1100 3443 1144 3505 14,
1162 3442 1207 3492 tt.
1227 3437 1355 3507 adquam

306 3526 454 3594 [iustitiam]
482 3525 624 3596 referendo
650 3538 716 3580 sunt
741 3528 840 3583 omniu.
880 3528 983 3582 Laudat
1008 3526 1090 3600 Borg.
1110 3527 1189 3580 intre
1218 3526 1284 3589 nisi,
1308 3525 1356 3595 qui

304 3614 346 3664 itu
364 3613 401 3666 sit
420 3611 548 3680 affictus,
566 3632 623 3667 esse
640 3613 753 3668 liberum
771 3617 858 3668 nemi
864 3634 953 3677 nem5
972 3617 1006 3669 de
1023 3615 1087 3670 Sea.
1105 3621 1138 3672 4:
1158 3616 1207 3682 iilo
1223 3612 1356 3667 restincto

285 3750 287 3754 ,
302 3699 381 3769 sore,
408 3699 483 3752 unde
501 3702 640 3764 discerem,
661 3704 844 3766 neminem5
863 3704 897 3758 de
912 3705 980 3775 Rep.
999 3704 1032 3771 tl,
1051 3709 1100 3759 25:
1124 3704 1153 3755 in
1173 3701 1355 3755 conservando

307 3786 405 3839 civium
422 3787 548 3842 libertate
567 3808 623 3843 esse
638 3792 780 3860 privatum
798 3793 971 3845 nemiuem.
1008 3792 1069 3847 bir-

377 3875 450 3946 Quid
464 3887 506 3928 est
530 3879 600 3930 enim
623 3876 765 3947 libertos?]
809 3881 929 3945 „Probat
955 3880 1070 3934 Ursinus
1094 3878 1167 3951 quod
1191 3879 1219 3931 in
1245 3875 1356 3947 antiquo

305 3982 354 4016 suo
374 3962 484 4035 legitur:
503 3966 578 4035 Quid
593 3976 635 4018 est
652 3967 773 4038 igitur
791 3967 918 4033 libertus,
944 3969 982 4020 ni
987 3970 1020 4020 si
1032 3977 1158 4037 potestus
1175 3963 1296 4028 uiuendi,
1323 3972 1355 4012 ut

306 4051 399 4106 vettef‘
420 4051 584 4123 Sylbrirg.
621 4052 688 4107 Cod.
707 4053 766 4107 cn.
786 4060 826 4109 2:
846 4055 921 4125 Quid
933 4057 1002 4106 euim
1018 4065 1062 4108 est
1079 4051 1211 4106 libertus?
1240 4049 1357 4103 naut.

305 4138 356 4192 Oa.
375 4140 395 4193 l.
414 4141 538 4211 quidest
556 4150 672 4192 nutem
691 4142 826 4196 libertas?
856 4143 959 4195 Vocem
976 4144 1046 4196 enim
1066 4140 1164 4197 omittit
1180 4139 1271 4201 Onu·
1307 4136 1356 4188 Se-

307 4228 399 4300 quitur
416 4229 443 4280 in
463 4227 513 4281 01.
531 4226 563 4278 N.
582 4225 653 4280 Gud.
673 4230 702 4281 Α.
720 4229 828 4285 Suerin.
848 4231 927 4284 Drsd.
946 4235 971 4284 l.
992 4236 1016 4287 3.
1034 4238 1059 4287 b.
1080 4231 1150 4285 nisi
1169 4242 1306 4301 paneros,
1326 4238 1357 4281 ‘et
