3059 4925
292 481 330 525 XL
453 477 690 529 PROLEGWENA
719 482 760 528 Al)
789 482 956 529 CICERONIS
983 482 1167 527 Panaooxt.

289 638 478 710 ponendorum
506 637 762 710 probandorumque
788 640 863 709 quasi
889 639 1040 710 specimini:
1072 640 1116 693 sed
1144 644 1262 711 proxime
1287 663 1338 710 eas,

290 711 429 782 plerasque
449 720 520 763 certe
538 710 569 761 ad
591 728 694 775 reram,
720 729 800 780 quam
827 710 923 763 Cicero
948 710 1091 780 delegerit,
1118 712 1232 766 lormam
1261 735 1338 770 acce·

289 783 353 835 dere
371 781 496 833 existimo.
533 780 610 847 Quae
629 800 691 834 rero
710 791 748 833 est
767 782 889 848 varietas,
916 800 946 833 ea
967 782 1031 832 mibi
1055 781 1118 834 iude
1142 796 1199 837 orta
1227 786 1338 850 videtur,

289 853 362 926 quod
389 863 474 904 esseut
497 852 545 904 riri
570 851 656 917 docti,
682 851 729 923 qui
753 853 867 916 seirent,
896 852 1104 924 uniuscuiusque
1129 854 1184 907 sere
1210 856 1338 912 Paradoxi

288 924 445 977 sententiam
466 920 517 974 stit
545 924 578 975 ab
605 923 662 975 aliis
680 918 767 974 formai
787 921 912 975 exbiberi.
954 922 1000 976 Sic
1018 943 1098 994 supra
1117 924 1144 976 in
1165 932 1338 984 annotatione

288 993 417 1048 Paradoxi
427 994 496 1046 tertii
514 995 670 1048 sententiam
686 993 763 1063 plane
773 992 831 1045 aliis
842 993 911 1046 rides
921 1012 978 1047 esse
992 1000 1135 1066 expositam
1145 998 1238 1064 verbis,
1255 1020 1337 1123 poam

289 1066 386 1137 quibus
405 1076 443 1117 est
461 1065 564 1135 prodita
583 1066 611 1118 in
631 1064 721 1117 libello
741 1075 841 1117 nostro.
877 1064 1022 1131 Similiter,
1046 1067 1117 1137 quod
1140 1079 1178 1121 est
1201 1088 1252 1139 apu
1291 1071 1338 1124 Ci-

288 1153 413 1190 ceronem
439 1137 565 1201 tertium,
592 1138 725 1206 reperitur
749 1134 853 1188 Graece
877 1136 978 1188 dictum
1005 1137 1076 1207 apud
1103 1137 1277 1193 Plutarchum
1305 1144 1337 1195 de

287 1207 441 1261 Stoicorum
462 1206 586 1277 Repugn.
604 1204 670 1277 μήτε
688 1202 783 1277 ripariis
801 1203 895 1272 αρετῆς
913 1203 1086 1277 ὑπερέχουσαν
1104 1204 1176 1274 εἶναι,
1194 1210 1259 1277 μηίι
1272 1234 1337 1264 και.

288 1277 404 1347 ὄρθωσιν
431 1277 637 1347 κατορθώσεως,
662 1277 726 1329 alibi
750 1280 833 1346 μηδὶν
859 1276 965 1343 α’γιιθδν
987 1276 1097 1347 μηδενδς
1120 1277 1227 1343 ιῖγαθοῦ
1252 1283 1337 1344 μεῖζον

200 1411 203 1412 7
288 1346 475 1419 ἢῖλαττοΓ).
517 1350 633 1401 Secundi
658 1349 744 1400 forma
776 1347 826 1400 alia
852 1360 904 1401 est:
936 1346 983 1399 rio
1007 1346 1085 1410 σοοόν
1116 1347 1232 1422 αὐτάρκη
1257 1359 1336 1406 strui:

287 1422 374 1472 sexti:
400 1416 510 1481 ioopdc
530 1416 560 1471 od
576 1414 697 1476 πλούσιος
717 1415 784 1469 etita*
802 1416 985 1485 τιοὶμιιλουτος,
1014 1432 1041 1473 et
1065 1426 1117 1471 τῶν
1141 1429 1224 1482 σοφῶν
1249 1424 1335 1476 πάντα

287 1487 362 1543 sirus:
383 1492 487 1563 quinti:
506 1487 583 1551 μόνον
594 1487 670 1550 σοφόν
680 1492 823 1558 ἐλεύθερον,
841 1489 904 1547 roric
920 1494 948 1542 dt
957 1492 1071 1551 φαύλους
1080 1488 1205 1550 dorilouc:
1224 1497 1333 1565 quarti:

286 1564 387 1619 πάντας
406 1559 469 1618 τούς
487 1558 600 1631 ἄφρονας
617 1566 774 1625 μαίνεσθαι,
799 1558 831 1612 ου’
846 1560 897 1630 γάρ
920 1568 1058 1630 φρονίμους
1076 1557 1155 1627 εἶναι,
1179 1561 1247 1615 «idid
1266 1562 1335 1617 nord

286 1631 335 1702 νην
354 1636 411 1702 ἳαην
428 1635 465 1701 τῇ
483 1628 615 1700 α’φροσοῖνη
633 1639 727 1692 μανίαν
746 1629 833 1683 πάντα
852 1629 990 1701 πράττειν,
1016 1646 1046 1687 ut
1072 1643 1111 1686 est
1137 1635 1208 1705 apud
1233 1636 1336 1708 Dioge·

287 1723 348 1757 nem
367 1704 500 1756 babrtium
523 1703 579 1768 Vll,
599 1707 660 1756 124.
679 1724 705 1774 p.
723 1708 785 1757 444.
804 1703 932 1755 Meibom.
955 1705 1052 1773 primi:
1080 1700 1158 1755 καλὸν
1182 1704 1213 1756 νδ
1239 1712 1336 1759 τέλειον

286 1773 402 1842 α’γαθὸν,
432 1775 495 1826 ibid.
513 1774 603 1845 Segm.
621 1778 682 1827 luu.
710 1795 736 1844 p.
755 1777 817 1827 426.
861 1773 962 1842 Quales
984 1775 1004 1828 si
1033 1773 1099 1827 aliae
1127 1776 1206 1827 etiam
1235 1778 1334 1831 multae

287 1858 363 1899 erant
381 1847 523 1910 varietates,
544 1846 598 1897 noli
618 1846 725 1909 mirari,
745 1846 765 1896 si
785 1864 800 1896 a
820 1845 880 1897 viris
898 1845 1001 1897 Graece
1020 1844 1105 1897 doctis
1122 1846 1155 1896 ad
1176 1850 1333 1917 marginem,

287 1919 360 1989 quasi
379 1915 526 1985 explicandi
552 1935 645 1981 causa,
671 1916 789 1968 adiectae
815 1926 877 1967 sunt
905 1915 1104 1966 Paradoxorum
1135 1917 1237 1969 lormae
1261 1921 1332 1987 apud

286 1987 462 2052 aliosobriae,
481 1977 816 2059 adeoque‘bonnunquam
835 1987 904 2037 inter
921 2005 948 2036 se
967 1997 1130 2055 permutatae
1143 1998 1169 2039 et
1181 1990 1332 2058 permixtae.

356 2058 409 2111 Sed
426 2059 479 2109 iam
496 2059 579 2110 sineru
599 2059 769 2128 imponamus
788 2055 850 2108 huic
870 2057 1025 2125 prooemio,
1044 2076 1078 2109 ue
1097 2058 1192 2110 atrium
1212 2070 1238 2111 et
1256 2063 1333 2113 resti-

286 2131 378 2183 bulum
397 2129 493 2181 domus
510 2132 596 2182 maius
612 2131 689 2181 etiarn
710 2147 790 2198 quam
810 2128 906 2179 domus
923 2129 978 2199 ipsa
997 2147 1052 2180 esse
1070 2128 1246 2196 rideatur**).

358 2302 382 2369 ¹)
400 2301 475 2365 Sive,
503 2312 532 2353 ut
562 2311 599 2353 est
625 2300 696 2371 apud
724 2300 802 2372 Diog.
827 2299 915 2353 Lae'rt.
934 2299 992 2352 Vll.
1021 2298 1111 2369 Segm.
1138 2303 1199 2352 101.
1226 2319 1254 2369 p.
1269 2305 1331 2356 427.

285 2373 366 2426 tileth.
385 2371 471 2424 πάντα
490 2366 525 2422 τιν’
541 2369 633 2437 α’γαθιὶ
652 2376 695 2423 ἴσα
721 2364 799 2433 εἶναι,
830 2376 874 2422 καὶ
899 2373 948 2421 πᾶν
972 2368 1076 2437 ἀγαθον
1102 2366 1140 2421 ἐπ’
1163 2367 1242 2439 ἄκρον
1267 2366 1332 2424 εἶναι

284 2442 401 2514 αἶριτδν,
420 2448 464 2495 καὶ
481 2440 546 2512 μήτε
566 2441 650 2495 α’νεσιν
667 2438 733 2513 μήτε
751 2446 870 2495 ἐπίτασιν
888 2444 1021 2508 diffindat.
1057 2440 1091 2495 Et
1109 2442 1144 2494 ib.
1163 2440 1254 2512 Segrn.
1264 2447 1331 2496 12⁰:

284 2514 384 2586 ripluxrr
402 2512 492 2573 αιῗτοϊς
511 2518 554 2566 ἴσα
574 2511 695 2584 ἡγεῖσθαι
720 2512 755 2564 rii
776 2510 968 2582 ἁμαρτήματα,
994 2513 1068 2564 καθά
1093 2533 1156 2582 φησι
1176 2511 1331 2582 Χρύσιππος

284 2592 309 2638 ἓν
327 2591 365 2655 τῷ
383 2587 498 2655 τετάρτῳ
517 2593 569 2636 τῶν
587 2583 686 2654 ἠθικῶν
706 2583 875 2653 ζητημάτων,
901 2589 945 2636 καὶ
964 2586 1107 2652 Περσαῖος,
1133 2588 1176 2634 καὶ
1195 2583 1291 2651 Ζήνων.
1310 2588 1332 2634 εἰ

282 2656 334 2727 γάρ
353 2655 452 2726 cilo-lle
470 2656 589 2724 ἀληθοῦς
612 2659 710 2718 μᾶλλον
728 2653 774 2707 oris
794 2658 875 2719 ἔστιν,
891 2653 964 2706 ›oridl
982 2657 1078 2717 ψεῦδος
1095 2654 1221 2716 ψεύδους·
1248 2651 1329 2711 οὕτως

284 2725 344 2790 oiidl
363 2725 452 2797 α’ῑιατη
471 2725 588 2795 dirimi,
608 2725 667 2778 οὐδὲ
687 2723 830 2797 ἁμάρτημα
848 2722 1044 2796 ἁμαρτήματος.

342 2799 385 2867 *“)
403 2799 536 2852 Absolutis
555 2799 665 2850 iambis
683 2797 898 2868 prolegomenis,
917 2815 1000 2867 quum
1019 2795 1118 2847 iamin
1137 2814 1169 2847 eo
1189 2812 1281 2862 essem,
1301 2806 1329 2847 ut

282 2889 313 2922 ea
334 2867 443 2923 librario
462 2871 608 2934 traderem,
629 2869 739 2940 contigit
759 2869 821 2921 mibi
839 2868 928 2938 legere
947 2866 966 2919 l.
985 2866 1015 2918 F.
1034 2864 1262 2932 Scbroederi,
1283 2868 1329 2937 qui

283 2941 438 3011 nuperrime
456 2940 617 2993 Germanice
637 2940 767 2993 convertit
784 2939 903 2992 libellum
923 2948 1043 2990 nostrum
1062 2937 1126 3007 (rid.
1144 2937 1245 3008 Appar.
1264 2934 1330 2990 Crit.

283 3011 370 3079 estc),
390 3013 574 3082 prooemium,
602 3031 632 3063 ex
651 3031 705 3082 quo
724 3010 790 3064 baec
828 3009 923 3062 aucula
939 3008 1064 3078 excerpsi.
1108 3005 1139 3059 ln
1163 3007 1329 3078 plerisquea

282 3095 371 3136 nostra
390 3084 519 3136 sententia
539 3102 594 3134 nou
613 3081 752 3153 discrepat.
797 3031 951 3145 Pparadoxa,
967 3080 1008 3131 ‘eo
1035 3098 1128 3144 sensu,
1160 3091 1190 3132 ut
1214 3098 1228 3130 a
1254 3098 1330 3132 com-

282 3155 357 3207 muni
375 3154 503 3206 sententia
523 3154 601 3225 plane
621 3152 797 3218 abhorreant,
815 3151 924 3223 proprie
943 3149 995 3202 dici
1017 3170 1072 3201 non
1098 3169 1174 3220 posse
1198 3148 1264 3203 haec
1283 3149 1329 3200 Ci-

283 3225 436 3290 ceroniana,
456 3225 504 3284 ait,
521 3224 634 3294 exceptis
652 3235 747 3294 quarto
766 3234 792 3276 et
811 3223 913 3294 quinto.
953 3220 1031 3287 [Mihi
1050 3221 1158 3292 quidem
1178 3221 1256 3274 etiam
1273 3231 1329 3271 ter-

283 3298 349 3349 tium
378 3295 506 3349 eiusmodi
543 3295 664 3363 ridetur]
723 3293 765 3346 De
797 3304 881 3346 aetate
910 3291 1069 3344 Gernbardo
1104 3292 1207 3362 potius,
1248 3309 1327 3362 quam

283 3366 414 3432 Scbiitzio,
433 3367 553 3421 assentit:
571 3378 644 3419 certo
662 3365 771 3437 quidem
791 3364 965 3417 demonstrari
976 3381 1076 3415 annum
1096 3383 1151 3414 non
1170 3380 1253 3433 posse,
1274 3380 1328 3431 quo

282 3438 335 3490 sint
354 3439 452 3510 scripta
471 3438 622 3500 Paradoxa;
643 3436 753 3488 maxime
773 3454 827 3488 esse
848 3434 899 3486 veri
918 3433 1016 3494 simile,
1035 3453 1065 3485 ea
1085 3434 1143 3504 (sed
1162 3430 1254 3497 simul)
1273 3450 1327 3484 esse

282 3509 378 3578 scripta
397 3529 421 3562 a.
440 3507 474 3559 U.
495 3528 517 3560 c.
535 3510 603 3573 iot,
632 3505 770 3560 Ciceronis
797 3505 955 3576 sexagesimo
976 3505 1078 3575 primo:
1110 3503 1219 3555 minime
1238 3513 1326 3553 autem

282 3579 306 3631 ei
326 3579 411 3651 placet
429 3578 543 3631 Schiitzii
562 3577 675 3648 suspicio
693 3577 725 3629 de
746 3577 838 3628 decem
858 3595 990 3628 annorum
1009 3577 1079 3628 inter
1097 3574 1267 3628 scribendum
1284 3572 1327 3624 in-

282 3649 399 3702 tervallo.
435 3649 592 3702 Rationibus
611 3650 644 3701 ab
664 3648 720 3700 aliis
739 3648 824 3700 allatis
840 3645 910 3700 banc
929 3646 1016 3699 addit:
1035 3645 1083 3712 „Si
1099 3644 1204 3697 diversis
1223 3655 1327 3714 tempo·
1380 3666 1386 3679 ο

281 3720 370 3786 ribus,
404 3741 456 3777 nec
482 3738 543 3772 reru
572 3739 627 3772 uno
652 3719 800 3790 eodemque
824 3737 911 3782 anno,
938 3737 989 3770 nec
1016 3717 1107 3788 paucis
1136 3715 1202 3766 adeo
1227 3714 1327 3778 diebus,

280 3791 425 3860 scripsisset
441 3790 513 3844 bunc
530 3789 649 3843 libellum
669 3786 779 3855 Cicero,
805 3789 861 3841 sine
880 3788 962 3840 dubio
981 3788 1066 3859 ipsum
1085 3786 1111 3838 id
1135 3787 1164 3837 in
1183 3785 1326 3837 Prooemio

281 3862 415 3914 dicturum
435 3862 527 3914 luisse:
548 3861 622 3914 cuius
641 3881 715 3913 nunc
732 3859 887 3913 diversitatis
903 3858 941 3911 rel
959 3858 1087 3911 intervalli
1101 3858 1227 3926 temporis
1244 3857 1326 3926 signi-

281 3932 400 3985 licarerit
418 3930 517 3985 ibidem
536 3933 700 3986 contrarium
720 3931 818 3983 serbis:
847 3930 908 3996 „bis
922 3932 976 3980 irim
995 3927 1217 3981 contractioribus
1241 3930 1327 3977 nocti-

281 4002 330 4055 bus
348 4003 545 4056 lucubratum.“
588 4003 706 4057 Discedit
731 4003 809 4055 ctiam
834 4000 1015 4053 Schroederus
1042 3999 1075 4051 ab
1101 4018 1195 4050 eorum
1219 3997 1328 4063 iudicio,
1373 4020 1377 4025 ·

281 4075 327 4147 qui
347 4076 475 4126 maiorum
496 4076 650 4146 vigiliarum
677 4094 743 4144 opus
770 4092 826 4125 non
852 4072 981 4137 Brutum,
1011 4070 1055 4122 sed
1083 4069 1249 4123 Tusculanas
1273 4088 1328 4122 esse

282 4147 437 4213 roluorunt,
456 4146 565 4214 iisdem,
586 4145 681 4216 quibus
701 4165 762 4211 nos,
786 4143 934 4196 rationibus
954 4154 1050 4195 motus.

642 4272 940 4300 ⁴0*-
946 4281 974 4287 Μ
