3059 4925
298 422 345 493 lt
614 444 797 535 etnaooxt,
812 443 1005 492 srotcouau.

295 604 463 670 Stoicorum,
482 603 526 655 sed
546 600 669 655 adhibitis
687 600 853 655 oruamentis
869 603 1009 671 oratoriis,
1032 621 1102 675 quoe
1119 602 1198 673 vulgo
1217 622 1231 656 a
1250 601 1363 658 Stoicis-

295 693 528 764 negligebantuu“
563 694 660 758 Stoyca
683 689 841 764 prolatoice
864 692 994 762 scriptum
1019 702 1058 745 est
1079 690 1107 742 in
1131 689 1217 743 Codri.
1242 687 1301 742 Cra.
1322 693 1366 756 2„

294 780 376 833 Drsd.
394 782 420 832 l.
463 782 493 832 lu
512 777 572 831 Cra.
590 780 615 831 3.
635 787 674 829 eat
690 778 776 830 solnm
796 798 845 848 pro
864 759 945 843 silet,
974 779 1002 831 in
1029 778 1108 830 Drsd.
1128 781 1153 830 5.
1171 777 1239 829 salet
1257 779 1347 840 stoice,

295 866 400 919 inverso
420 864 529 928 ordine;
550 865 579 916 in
595 862 680 917 codd.
698 861 758 915 Cra.
773 867 799 915 1.
816 864 898 919 Drsd.
915 870 940 919 5.
960 861 1104 935 past'salet
1123 864 1209 917 statim
1227 864 1347 936 sequitur

295 955 387 1006 dicere.
412 953 503 1007 ,Drsd
519 957 545 1005 4.
571 951 668 1005 omittit
691 951 722 1002 de
746 951 799 1002 dtis
823 951 1035 1016 imrrrortalilrua,·
1064 951 1132 1005 cod.
1153 951 1199 1005 Cr.
1218 955 1244 1007 3.
1268 953 1346 1004 habet

294 1041 348 1091 liiia
367 1059 418 1111 pra
436 1040 508 1092 Diis.
545 1038 604 1092 Mr.

366 1126 487 1179 Nullis
504 1126 629 1178 aratoriis·
647 1125 810 1177 ornamentis
828 1124 969 1194 adhibitis]
990 1125 1128 1192 „A'libris
1147 1128 1203 1181 lere
1221 1127 1347 1182 omnibus

294 1214 426 1272 veteribus
443 1214 518 1266 abest
534 1213 631 1278 nullis,
656 1213 684 1265 in
706 1231 762 1265 uno
782 1223 821 1266 est
838 1214 882 1264 ael
898 1233 948 1284 pro
967 1215 1066 1265 nullis:
1094 1234 1123 1267 ex
1142 1234 1197 1285 quo
1217 1214 1346 1284 suspicor,

294 1300 377 1353 nullis
395 1299 565 1352 librariorum
585 1299 665 1369 culpa
684 1319 699 1351 e
715 1298 792 1354 libris
814 1300 946 1352 veteribus
962 1302 1117 1354 ¹resonuisse:
1142 1302 1215 1372 quod
1234 1300 1344 1355 restitui.

295 1387 378 1458 ldque
397 1406 429 1439 eo
446 1386 571 1440 fidentius
590 1386 651 1452 ieci,
671 1387 743 1457 quod
762 1386 790 1439 in
810 1406 866 1439 uno
886 1406 973 1458 eoque
992 1389 1177 1459 antiquissimo
1196 1391 1284 1441 Stoice
1302 1409 1345 1442 so-

294 1475 331 1525 let
351 1476 478 1528 oratoriis
495 1477 657 1528 ornamentis
673 1493 741 1526 non
758 1473 905 1525 adlaibitis:
933 1494 1098 1546 quamquam
1122 1496 1175 1528 non
1199 1487 1345 1530 transversa

294 1561 363 1615 linea
382 1583 397 1616 a
416 1564 506 1616 nescio
525 1581 580 1634 quo
599 1560 754 1616 consosdrm
774 1564 859 1614 erat.“
885 1561 1041 1616 Lambin.
1078 1562 1128 1628 „ln
1147 1564 1214 1617 cod.
1234 1564 1345 1634 antiquo

294 1668 349 1701 non
369 1650 473 1721 reperio
491 1651 584 1702 nullis.
603 1669 606 1679 ·
625 1648 704 1717 Quae
721 1647 801 1702 lectio
818 1649 840 1700 si
860 1667 920 1701 vera
938 1662 1019 1716 esset,
1044 1653 1200 1705 conveniret
1217 1671 1278 1705 cum
1299 1671 1345 1704 eo:

293 1740 356 1790 Feci
373 1739 454 1788 etiam
472 1738 620 1789 audaciae:
649 1736 694 1789 sed
720 1736 753 1788 ah
778 1735 824 1787 illo
852 1736 1026 1807 discreparet:
1053 1740 1081 1790 in
1107 1758 1140 1789 ea
1165 1741 1271 1792 haeresi
1297 1749 1346 1800 est,

294 1846 362 1898 qnae
384 1826 490 1877 nnllam
515 1824 635 1895 sequitur
656 1823 751 1878 florem
777 1823 905 1879 orationis
930 1827 999 1878 etc.⁴‘
1026 1825 1048 1875 F
1055 1844 1098 1877 re.
1120 1823 1212 1895 Sylv.
1257 1827 1344 1892 „Fere

291 1933 387 1970 omnes
404 1912 465 1965 libri
484 1911 582 1966 hahent
599 1912 699 1964 nullis:
721 1912 765 1966 sed
785 1912 814 1964 in
834 1913 902 1963 Ven.
921 1912 1004 1963 inullis
1023 1913 1150 1964 omissum
1169 1912 1248 1975 iacit,
1266 1924 1298 1965 ut
1312 1913 1345 1966 de

293 2001 371 2053 huius
389 1998 440 2052 loci
461 1999 568 2052 veritate
586 1997 771 2069 quaerendum
785 1997 937 2067 diligentius
954 2017 1009 2051 esse
1025 1999 1151 2053 videatur.
1188 2001 1277 2072 Atque
1294 2017 1344 2069 ego

230 2141 235 2148 ,
293 2088 401 2158 quidem
420 2087 538 2138 Venetae
556 2084 665 2138 lectioni
681 2085 820 2137 assentior.
856 2084 924 2138 Nan}
952 2096 979 2138 et
1003 2086 1068 2139 alibi
1092 2086 1262 2159 eloquentiae
1286 2088 1345 2140 lau-

292 2175 354 2227 dem
373 2171 470 2228 Catoni
488 2172 581 2226 tribuit
598 2172 711 2239 Cicero,
730 2184 756 2227 et
775 2172 882 2225 ordiens
900 2174 972 2228 clare
991 2174 1043 2228 hoc
1062 2175 1139 2243 dixit,
1158 2176 1273 2230 dicendo
1291 2174 1344 2229 Ca-

293 2275 387 2318 tonern
401 2271 593 2325 consecutum,
613 2271 647 2314 ut
666 2260 756 2315 Stoica
776 2262 854 2316 etiam
875 2262 977 2332 populo
997 2264 1145 2334 probabilia
1164 2265 1345 2317 viderentur.‘⁴

292 2348 337 2402 Ca
346 2367 464 2404 merar,
511 2348 609 2415 „Quae
628 2349 750 2424 superius
771 2350 804 2402 de
823 2348 934 2402 Catonis
953 2350 1105 2420 eloquentia
1124 2363 1186 2405 sunt
1204 2352 1344 2423 disputata,

292 2429 412 2502 iaciunt,
432 2447 462 2489 ut
480 2435 626 2491 Camerarii
646 2456 774 2493 censurae
793 2450 818 2492 et
837 2438 944 2492 lectioni
963 2440 1082 2493 Venetae
1100 2439 1224 2494 libentius
1241 2440 1342 2512 astipu-

291 2524 376 2579 leret
393 2524 478 2577 nullis
496 2529 674 2596 expungam.“
696 2527 786 2596 Xyst.
805 2527 914 2581 Betui.

365 2612 499 2665 Oratoriis
517 2614 692 2680 ornamentis]
712 2613 857 2685 „Plerique
870 2614 925 2667 cusi
943 2615 1146 2684 praemittebant
1164 2614 1253 2675 nullis,
1272 2614 1344 2684 quod

292 2720 348 2754 non
368 2700 458 2752 visitur
476 2699 504 2751 in
523 2698 678 2755 melioribus
696 2701 875 2766 membranis,
904 2704 1042 2771 mirorque
1065 2719 1210 2770 agnoscere
1230 2717 1279 2768 pro
1297 2717 1345 2769 ge-

292 2788 378 2840 nuino
395 2786 571 2852 Lambinum,
599 2804 661 2840 cum
685 2785 711 2838 id
735 2787 823 2857 ipsum
843 2799 952 2858 spernat
970 2790 1054 2852 ratio,
1079 2799 1105 2841 et
1129 2787 1234 2841 dicendi
1259 2798 1343 2838 artem

292 2874 394 2929 tribuat
411 2872 508 2927 Catoni
525 2873 630 2927 Tullius
653 2873 682 2927 in
708 2872 793 2926 Bruto
807 2893 842 2928 -c.
861 2877 905 2940 31,
929 2885 959 2927 ut
983 2875 1153 2928 adnotaverat
1177 2874 1344 2939 Gulielmius,

291 2961 338 3032 qui
357 2978 420 3017 cum
440 2971 506 3017 esset
523 2960 552 3015 in
570 2960 634 3017 tls..
646 2961 821 3026 hortatoriis,
846 2961 872 3013 id
893 2961 952 3016 heic
969 2958 1059 3016 locum
1078 2961 1176 3015 habere
1197 2982 1273 3032 posse
1292 2982 1344 3032 pu-

291 3049 392 3103 tebat.“
411 3046 507 3106 Grut.
544 3049 657 3114 „Nullis
676 3059 747 3100 recte
765 3048 927 3115 deleverant,
946 3050 999 3103 iam
1019 3061 1082 3103 ante
1097 3048 1254 3114 Gruterum,
1273 3049 1343 3102 Lan-

289 3134 351 3205 gius
368 3146 395 3189 et
413 3134 561 3209 Manutius,
576 3135 757 3206 adplaudente
774 3135 923 3191 Pithoeano
941 3148 967 3191 et
985 3137 1058 3190 libris
1076 3137 1134 3190 aliis
1152 3137 1344 3193 vetustioribus.

290 3223 367 3279 blanc
385 3223 544 3294 scripturam
563 3223 657 3279 asserit
673 3225 766 3279 vocula
786 3225 932 3290 duntaxat,
951 3244 1020 3296 qaae
1039 3225 1183 3295 praecedit,
1203 3210 1273 3296 quae
1292 3243 1343 3275 no-

291 3322 332 3367 tt
342 3312 446 3372 satiem,
465 3312 609 3365 mininam.
646 3315 714 3365 Oata
732 3323 824 3365 autam
842 3314 980 3365 duntaxat
999 3314 1031 3363 de
1049 3314 1234 3384 magnitudine
1253 3313 1343 3373 amini,

290 3398 343 3453 hoc
357 3410 409 3453 est:
427 3399 448 3452 si
467 3418 522 3455 iton
542 3399 575 3451 de
590 3400 692 3463 catenis,
711 3400 751 3455 de¹
762 3399 950 3469 magnitudine
969 3400 1052 3455 animi
1069 3399 1171 3464 saltem,
1191 3398 1279 3452 dicere
1297 3416 1342 3448 so-

289 3485 361 3540 lebat
383 3485 509 3539 adhibitis
529 3488 695 3541 ornamentis
714 3487 848 3541 oratnriis.
882 3487 950 3541 Nam
970 3485 1100 3541 Catonem
1118 3486 1243 3539 disertum
1263 3485 1342 3538 luisse

291 3574 373 3627 modo
393 3575 556 3627 ostensum.“
576 3573 700 3627 Graav.
737 3574 799 3629 Aldi
819 3585 924 3639 autem,
944 3593 1024 3646 quem
1041 3574 1131 3629 laudat
1151 3572 1263 3638 Graes„
1282 3572 1343 3624 Ma-

291 3660 358 3713 nutii
382 3659 448 3714 haec
471 3671 511 3715 est
535 3662 687 3715 annotatio:
715 3662 795 3728 „Non
816 3662 931 3727 dubito,
959 3662 1025 3733 qnia
1052 3660 1117 3717 hauc
1144 3661 1222 3712 verba
1249 3671 1342 3713 vacent

291 3748 364 3800 omni
384 3748 493 3803 menda.
528 3746 582 3801 Sed
602 3748 872 3819 quoniamduhitnre
891 3750 965 3802 video
984 3748 1106 3802 homines
1124 3746 1280 3799 eruditoset
1293 3745 1342 3797 ad·

290 3834 354 3887 dere
372 3836 544 3905 negationem
563 3835 655 3899 nullis,
673 3854 742 3907 quac
760 3847 799 3889 est
815 3837 844 3888 iu
863 3856 907 3889 sex
924 3839 999 3903 meis,
1018 3855 1073 3889 nnn
1092 3834 1198 3897 faciam,
1220 3833 1240 3885 si
1259 3833 1342 3884 moda

289 3922 418 3992 consequi
439 3932 543 3991 potero,
561 3932 592 3975 ut
610 3921 761 3995 quisquam,
781 3925 939 3979 audacitate
956 3933 1115 3988 commotus,
1134 3921 1268 3974 inerrare
1282 3939 1342 3973 ver-

290 4019 372 4063 setur.
409 4006 505 4063 Catoni
525 4010 683 4064 nonimado
701 4011 798 4065 Cicero
817 4024 844 4067 et
861 4013 924 4068 alibi
949 4023 975 4066 et
992 4011 1044 4064 hoc
1062 4010 1120 4079 ipso
1146 4009 1173 4060 in
1198 4006 1273 4073 loca,
1296 4008 1342 4061 aad

287 4096 429 4153 Sallustius
447 4109 474 4152 et
491 4097 649 4151 Plutarchus
669 4109 696 4152 et
717 4099 761 4152 alii
786 4099 967 4171 eloquentiam
993 4098 1130 4160 tribuunt,
1155 4114 1208 4166 qua
1234 4094 1342 4166 quidem

289 4183 320 4235 in
342 4197 435 4240 senatu
460 4186 494 4239 ita
519 4184 669 4253 disputabat
695 4184 728 4237 de
752 4186 936 4257 magnitudine
958 4185 1041 4239 animi
1060 4213 1095 4225 -
1119 4182 1229 4255 aliisque
1247 4182 1341 4245 rebus,
