<?xml version="1.0" encoding="UTF-8"?>
<!DOCTYPE html PUBLIC "-//W3C//DTD XHTML 1.0 Transitional//EN"
    "http://www.w3.org/TR/xhtml1/DTD/xhtml1-transitional.dtd">
<html xmlns="http://www.w3.org/1999/xhtml" xml:lang="en" lang="en">
 <head>
  <title>
</title>
<meta http-equiv="Content-Type" content="text/html;charset=utf-8" />
  <meta name='ocr-system' content='tesseract 3.04.00' />
  <meta name='ocr-capabilities' content='ocr_page ocr_carea ocr_par ocr_line ocrx_word'/>
</head>
<body>
  <div class='ocr_page' id='page_1' title='image "./paradoxa01wyttgoog_0374.png"; bbox 0 0 3059 4925; ppageno 0'>
   <div class='ocr_carea' id='block_1_1' title="bbox 292 447 932 524">
    <p class='ocr_par' dir='ltr' id='par_1_1' title="bbox 292 447 932 524">
     <span class='ocr_line' id='line_1_1' title="bbox 292 447 932 524; baseline -0.014 -1"><span class='ocrx_word' id='word_1_1' title='bbox 292 447 365 524; x_wconf 83' lang='lat'>332</span> <span class='ocrx_word' id='word_1_2' title='bbox 700 468 861 517; x_wconf 78' lang='lat' dir='ltr'>excursus</span> <span class='ocrx_word' id='word_1_3' title='bbox 889 468 932 515; x_wconf 71' lang='grc' dir='ltr'>ιν.</span> 
     </span>
    </p>
   </div>
   <div class='ocr_carea' id='block_1_2' title="bbox 289 626 1337 1054">
    <p class='ocr_par' dir='ltr' id='par_1_2' title="bbox 289 626 1337 1054">
     <span class='ocr_line' id='line_1_2' title="bbox 291 626 1337 705; baseline -0.007 -18"><span class='ocrx_word' id='word_1_4' title='bbox 291 632 425 705; x_wconf 78' lang='lat' dir='ltr'>exponatis</span> <span class='ocrx_word' id='word_1_5' title='bbox 444 631 556 685; x_wconf 69' lang='lat' dir='ltr'>vetimt‘·</span> <span class='ocrx_word' id='word_1_6' title='bbox 597 627 668 697; x_wconf 87' lang='lat' dir='ltr'>Iam,</span> <span class='ocrx_word' id='word_1_7' title='bbox 695 642 724 684; x_wconf 93' lang='lat' dir='ltr'>ut</span> <span class='ocrx_word' id='word_1_8' title='bbox 742 642 803 684; x_wconf 87' lang='lat' dir='ltr'>sunt</span> <span class='ocrx_word' id='word_1_9' title='bbox 822 631 941 694; x_wconf 74' lang='lat' dir='ltr'>iuvenes,</span> <span class='ocrx_word' id='word_1_10' title='bbox 972 646 1066 682; x_wconf 84' lang='lat' dir='ltr'>ornnes</span> <span class='ocrx_word' id='word_1_11' title='bbox 1091 627 1148 681; x_wconf 83' lang='lat' dir='ltr'>lere</span> <span class='ocrx_word' id='word_1_12' title='bbox 1176 626 1337 680; x_wconf 87' lang='lat' dir='ltr'>emendandi</span> 
     </span>
     <span class='ocr_line' id='line_1_3' title="bbox 291 716 1335 791; baseline -0.008 -14"><span class='ocrx_word' id='word_1_13' title='bbox 291 720 497 791; x_wconf 80' lang='lat' dir='ltr'>corrigendique</span> <span class='ocrx_word' id='word_1_14' title='bbox 522 718 664 789; x_wconf 83' lang='lat' dir='ltr'>cupiditate</span> <span class='ocrx_word' id='word_1_15' title='bbox 688 720 797 784; x_wconf 87' lang='lat' dir='ltr'>ardere,</span> <span class='ocrx_word' id='word_1_16' title='bbox 834 717 983 790; x_wconf 85' lang='lat' dir='ltr'>paucissimi</span> <span class='ocrx_word' id='word_1_17' title='bbox 1012 718 1046 771; x_wconf 89' lang='lat' dir='ltr'>de</span> <span class='ocrx_word' id='word_1_18' title='bbox 1074 716 1135 772; x_wconf 89' lang='lat' dir='ltr'>loco</span> <span class='ocrx_word' id='word_1_19' title='bbox 1165 716 1335 769; x_wconf 81' lang='lat' dir='ltr'>defendendo</span> 
     </span>
     <span class='ocr_line' id='line_1_4' title="bbox 291 802 1335 881; baseline -0.008 -17"><span class='ocrx_word' id='word_1_20' title='bbox 291 810 415 881; x_wconf 82' lang='lat' dir='ltr'>cogitare.</span> <span class='ocrx_word' id='word_1_21' title='bbox 461 807 519 878; x_wconf 81' lang='lat' dir='ltr'>Ego</span> <span class='ocrx_word' id='word_1_22' title='bbox 544 825 605 860; x_wconf 84' lang='lat' dir='ltr'>vero</span> <span class='ocrx_word' id='word_1_23' title='bbox 634 808 662 859; x_wconf 89' lang='lat' dir='ltr'>in</span> <span class='ocrx_word' id='word_1_24' title='bbox 680 825 772 860; x_wconf 86' lang='lat' dir='ltr'>causas</span> <span class='ocrx_word' id='word_1_25' title='bbox 799 805 971 859; x_wconf 88' lang='lat' dir='ltr'>dubitationis</span> <span class='ocrx_word' id='word_1_26' title='bbox 996 805 1066 858; x_wconf 88' lang='lat' dir='ltr'>illius</span> <span class='ocrx_word' id='word_1_27' title='bbox 1088 803 1250 875; x_wconf 88' lang='lat' dir='ltr'>inquirendo</span> <span class='ocrx_word' id='word_1_28' title='bbox 1269 802 1335 856; x_wconf 87' lang='lat' dir='ltr'>illud</span> 
     </span>
     <span class='ocr_line' id='line_1_5' title="bbox 290 890 1336 966; baseline -0.006 -17"><span class='ocrx_word' id='word_1_29' title='bbox 290 896 353 949; x_wconf 89' lang='lat' dir='ltr'>mihi</span> <span class='ocrx_word' id='word_1_30' title='bbox 373 894 500 966; x_wconf 87' lang='lat' dir='ltr'>reperisse</span> <span class='ocrx_word' id='word_1_31' title='bbox 519 893 640 957; x_wconf 79' lang='lat' dir='ltr'>videbar,</span> <span class='ocrx_word' id='word_1_32' title='bbox 667 911 758 947; x_wconf 83' lang='lat' dir='ltr'>rocem</span> <span class='ocrx_word' id='word_1_33' title='bbox 784 901 912 944; x_wconf 85' lang='lat' dir='ltr'>accurate</span> <span class='ocrx_word' id='word_1_34' title='bbox 937 892 1037 964; x_wconf 88' lang='lat' dir='ltr'>aliquid</span> <span class='ocrx_word' id='word_1_35' title='bbox 1063 891 1148 945; x_wconf 86' lang='lat' dir='ltr'>laudis</span> <span class='ocrx_word' id='word_1_36' title='bbox 1165 890 1278 958; x_wconf 75' lang='lat' dir='ltr'>babere,</span> <span class='ocrx_word' id='word_1_37' title='bbox 1302 893 1336 943; x_wconf 89' lang='lat' dir='ltr'>ab</span> 
     </span>
     <span class='ocr_line' id='line_1_6' title="bbox 289 976 1336 1054; baseline -0.006 -19"><span class='ocrx_word' id='word_1_38' title='bbox 289 983 484 1054; x_wconf 78' lang='lat' dir='ltr'>Epicureorum</span> <span class='ocrx_word' id='word_1_39' title='bbox 502 981 542 1049; x_wconf 89' lang='lat' dir='ltr'>(hi</span> <span class='ocrx_word' id='word_1_40' title='bbox 561 981 631 1035; x_wconf 92' lang='lat' dir='ltr'>enim</span> <span class='ocrx_word' id='word_1_41' title='bbox 651 979 811 1052; x_wconf 79' lang='lat' dir='ltr'>tanguntur)</span> <span class='ocrx_word' id='word_1_42' title='bbox 838 979 1044 1052; x_wconf 76' lang='lat' dir='ltr'>reprehensione</span> <span class='ocrx_word' id='word_1_43' title='bbox 1069 979 1195 1033; x_wconf 88' lang='lat' dir='ltr'>alienum.</span> <span class='ocrx_word' id='word_1_44' title='bbox 1244 976 1336 1045; x_wconf 87' lang='lat' dir='ltr'>Quare</span> 
     </span>
    </p>
   </div>
   <div class='ocr_carea' id='block_1_3' title="bbox 165 1066 1338 1141">
    <p class='ocr_par' dir='ltr' id='par_1_3' title="bbox 165 1066 1338 1141">
     <span class='ocr_line' id='line_1_7' title="bbox 165 1066 1338 1141; baseline -0.005 -17"><span class='ocrx_word' id='word_1_45' title='bbox 165 1073 177 1088; x_wconf 88' lang='lat'><em>&#39;</em></span> <span class='ocrx_word' id='word_1_46' title='bbox 248 1069 256 1078; x_wconf 62' lang='lat'><strong>⁴</strong></span> <span class='ocrx_word' id='word_1_47' title='bbox 289 1089 351 1124; x_wconf 90' lang='lat' dir='ltr'>cum</span> <span class='ocrx_word' id='word_1_48' title='bbox 371 1069 496 1141; x_wconf 76' lang='lat' dir='ltr'>postridie</span> <span class='ocrx_word' id='word_1_49' title='bbox 512 1069 569 1121; x_wconf 91' lang='lat' dir='ltr'>eius</span> <span class='ocrx_word' id='word_1_50' title='bbox 586 1069 878 1133; x_wconf 66' lang='lat' dir='ltr'>diaconisnimmus,</span> <span class='ocrx_word' id='word_1_51' title='bbox 898 1068 935 1121; x_wconf 81' lang='lat' dir='ltr'>vis</span> <span class='ocrx_word' id='word_1_52' title='bbox 954 1066 1127 1121; x_wconf 75' lang='lat' dir='ltr'>audiebamus</span> <span class='ocrx_word' id='word_1_53' title='bbox 1144 1086 1198 1134; x_wconf 88' lang='lat' dir='ltr'>eos,</span> <span class='ocrx_word' id='word_1_54' title='bbox 1218 1066 1264 1137; x_wconf 89' lang='lat' dir='ltr'>qui</span> <span class='ocrx_word' id='word_1_55' title='bbox 1279 1066 1338 1120; x_wconf 85' lang='lat' dir='ltr'>vul·</span> 
     </span>
    </p>
   </div>
   <div class='ocr_carea' id='block_1_4' title="bbox 288 1154 1337 1317">
    <p class='ocr_par' dir='ltr' id='par_1_4' title="bbox 288 1154 1337 1317">
     <span class='ocr_line' id='line_1_8' title="bbox 288 1154 1335 1232; baseline -0.009 -20"><span class='ocrx_word' id='word_1_56' title='bbox 288 1170 376 1232; x_wconf 74' lang='lat' dir='ltr'>gatam</span> <span class='ocrx_word' id='word_1_57' title='bbox 391 1156 565 1212; x_wconf 74' lang='lat' dir='ltr'>defenderent</span> <span class='ocrx_word' id='word_1_58' title='bbox 577 1157 662 1211; x_wconf 84' lang='lat' dir='ltr'>allatis</span> <span class='ocrx_word' id='word_1_59' title='bbox 671 1156 745 1223; x_wconf 89' lang='lat' dir='ltr'>locis,</span> <span class='ocrx_word' id='word_1_60' title='bbox 765 1155 857 1229; x_wconf 85' lang='lat' dir='ltr'>quales</span> <span class='ocrx_word' id='word_1_61' title='bbox 867 1156 892 1208; x_wconf 89' lang='lat' dir='ltr'>bi</span> <span class='ocrx_word' id='word_1_62' title='bbox 902 1166 964 1210; x_wconf 75' lang='lat' dir='ltr'>nint</span> <span class='ocrx_word' id='word_1_63' title='bbox 975 1156 1009 1208; x_wconf 89' lang='lat' dir='ltr'>de</span> <span class='ocrx_word' id='word_1_64' title='bbox 1023 1154 1095 1209; x_wconf 78' lang='lat' dir='ltr'>(ilar.</span> <span class='ocrx_word' id='word_1_65' title='bbox 1113 1154 1191 1209; x_wconf 87' lang='lat' dir='ltr'>Orat.</span> <span class='ocrx_word' id='word_1_66' title='bbox 1204 1157 1248 1220; x_wconf 83' lang='lat'>80,</span> <span class='ocrx_word' id='word_1_67' title='bbox 1265 1157 1335 1208; x_wconf 73' lang='lat' dir='ltr'>m:</span> 
     </span>
     <span class='ocr_line' id='line_1_9' title="bbox 289 1242 1337 1317; baseline -0.004 -19"><span class='ocrx_word' id='word_1_68' title='bbox 289 1248 373 1317; x_wconf 86' lang='lat' dir='ltr'>deque</span> <span class='ocrx_word' id='word_1_69' title='bbox 390 1265 420 1298; x_wconf 90' lang='lat' dir='ltr'>eo</span> <span class='ocrx_word' id='word_1_70' title='bbox 438 1246 544 1297; x_wconf 79' lang='lat' dir='ltr'>crimine</span> <span class='ocrx_word' id='word_1_71' title='bbox 563 1256 739 1298; x_wconf 85' lang='lat' dir='ltr'>accurate</span> <span class='ocrx_word' id='word_1_72' title='bbox 756 1257 784 1298; x_wconf 89' lang='lat' dir='ltr'>et</span> <span class='ocrx_word' id='word_1_73' title='bbox 802 1245 936 1316; x_wconf 77' lang='lat' dir='ltr'>exquisite</span> <span class='ocrx_word' id='word_1_74' title='bbox 954 1244 1167 1313; x_wconf 76' lang='lat' dir='ltr'>disputavisset5</span> <span class='ocrx_word' id='word_1_75' title='bbox 1185 1242 1337 1310; x_wconf 79' lang='lat' dir='ltr'>ib.2t,⁸o:</span> 
     </span>
    </p>
   </div>
   <div class='ocr_carea' id='block_1_5' title="bbox 171 1330 1337 1403">
    <p class='ocr_par' dir='ltr' id='par_1_5' title="bbox 171 1330 1337 1403">
     <span class='ocr_line' id='line_1_10' title="bbox 171 1330 1337 1403; baseline -0.005 -17"><span class='ocrx_word' id='word_1_76' title='bbox 171 1386 180 1393; x_wconf 80' lang='grc'><strong>,</strong></span> <span class='ocrx_word' id='word_1_77' title='bbox 288 1352 331 1399; x_wconf 88' lang='lat' dir='ltr'>se,</span> <span class='ocrx_word' id='word_1_78' title='bbox 358 1350 427 1403; x_wconf 88' lang='lat' dir='ltr'>quas</span> <span class='ocrx_word' id='word_1_79' title='bbox 441 1332 571 1403; x_wconf 85' lang='lat' dir='ltr'>fecisset,</span> <span class='ocrx_word' id='word_1_80' title='bbox 596 1332 704 1385; x_wconf 55' lang='lat' dir='ltr'>bonor&amp;</span> <span class='ocrx_word' id='word_1_81' title='bbox 720 1351 812 1384; x_wconf 83' lang='lat' dir='ltr'>aarum</span> <span class='ocrx_word' id='word_1_82' title='bbox 836 1349 936 1397; x_wconf 87' lang='lat' dir='ltr'>cause,</span> <span class='ocrx_word' id='word_1_83' title='bbox 963 1330 1083 1382; x_wconf 84' lang='lat' dir='ltr'>studiose</span> <span class='ocrx_word' id='word_1_84' title='bbox 1107 1339 1337 1400; x_wconf 80' lang='lat' dir='ltr'>accurateque</span> 
     </span>
    </p>
   </div>
   <div class='ocr_carea' id='block_1_6' title="bbox 262 1417 1338 4303">
    <p class='ocr_par' dir='ltr' id='par_1_6' title="bbox 262 1417 1338 4303">
     <span class='ocr_line' id='line_1_11' title="bbox 283 1417 1336 1489; baseline -0.002 -19"><span class='ocrx_word' id='word_1_85' title='bbox 283 1420 400 1489; x_wconf 78' lang='lat' dir='ltr'>fecisse,-</span> <span class='ocrx_word' id='word_1_86' title='bbox 420 1419 454 1472; x_wconf 90' lang='lat' dir='ltr'>de</span> <span class='ocrx_word' id='word_1_87' title='bbox 471 1418 531 1472; x_wconf 78' lang='lat' dir='ltr'>Nat·</span> <span class='ocrx_word' id='word_1_88' title='bbox 546 1419 627 1473; x_wconf 86' lang='lat' dir='ltr'>Deor.</span> <span class='ocrx_word' id='word_1_89' title='bbox 648 1419 775 1485; x_wconf 76' lang='lat' dir='ltr'>l,(i,1b:</span> <span class='ocrx_word' id='word_1_90' title='bbox 801 1435 861 1469; x_wconf 84' lang='lat' dir='ltr'>eum</span> <span class='ocrx_word' id='word_1_91' title='bbox 886 1427 1056 1469; x_wconf 82' lang='lat' dir='ltr'>accurate</span> <span class='ocrx_word' id='word_1_92' title='bbox 1075 1434 1140 1468; x_wconf 87' lang='lat' dir='ltr'>sane</span> <span class='ocrx_word' id='word_1_93' title='bbox 1169 1427 1196 1468; x_wconf 89' lang='lat' dir='ltr'>et</span> <span class='ocrx_word' id='word_1_94' title='bbox 1221 1417 1336 1487; x_wconf 82' lang='lat' dir='ltr'>diligen·</span> 
     </span>
     <span class='ocr_line' id='line_1_12' title="bbox 289 1504 1337 1576; baseline 0.003 -21"><span class='ocrx_word' id='word_1_95' title='bbox 289 1515 330 1558; x_wconf 90' lang='lat' dir='ltr'>ter</span> <span class='ocrx_word' id='word_1_96' title='bbox 348 1506 380 1556; x_wconf 84' lang='lat' dir='ltr'>de</span> <span class='ocrx_word' id='word_1_97' title='bbox 398 1507 450 1558; x_wconf 84' lang='lat' dir='ltr'>diis</span> <span class='ocrx_word' id='word_1_98' title='bbox 468 1507 663 1559; x_wconf 73' lang='lat' dir='ltr'>immortalibus</span> <span class='ocrx_word' id='word_1_99' title='bbox 681 1507 852 1576; x_wconf 82' lang='lat' dir='ltr'>disputatum</span> <span class='ocrx_word' id='word_1_100' title='bbox 869 1516 920 1561; x_wconf 83' lang='lat' dir='ltr'>est.</span> <span class='ocrx_word' id='word_1_101' title='bbox 967 1504 1028 1571; x_wconf 83' lang='lat' dir='ltr'>liis,</span> <span class='ocrx_word' id='word_1_102' title='bbox 1054 1515 1080 1557; x_wconf 85' lang='lat' dir='ltr'>et</span> <span class='ocrx_word' id='word_1_103' title='bbox 1099 1523 1166 1576; x_wconf 88' lang='lat' dir='ltr'>quos</span> <span class='ocrx_word' id='word_1_104' title='bbox 1184 1505 1337 1576; x_wconf 77' lang='lat' dir='ltr'>complures</span> 
     </span>
     <span class='ocr_line' id='line_1_13' title="bbox 289 1591 1336 1659; baseline 0 -15"><span class='ocrx_word' id='word_1_105' title='bbox 289 1593 449 1659; x_wconf 82' lang='lat' dir='ltr'>asserebant,</span> <span class='ocrx_word' id='word_1_106' title='bbox 478 1594 544 1648; x_wconf 89' lang='lat' dir='ltr'>locis</span> <span class='ocrx_word' id='word_1_107' title='bbox 562 1595 688 1647; x_wconf 89' lang='lat' dir='ltr'>omnihus</span> <span class='ocrx_word' id='word_1_108' title='bbox 705 1593 811 1647; x_wconf 85' lang='lat' dir='ltr'>laudeni</span> <span class='ocrx_word' id='word_1_109' title='bbox 830 1593 962 1648; x_wconf 70' lang='lat' dir='ltr'>contineri</span> <span class='ocrx_word' id='word_1_110' title='bbox 981 1593 1172 1646; x_wconf 71' lang='lat' dir='ltr'>contendentes</span> <span class='ocrx_word' id='word_1_111' title='bbox 1190 1591 1224 1644; x_wconf 88' lang='lat' dir='ltr'>ad</span> <span class='ocrx_word' id='word_1_112' title='bbox 1242 1610 1336 1644; x_wconf 87' lang='lat' dir='ltr'>emen·</span> 
     </span>
     <span class='ocr_line' id='line_1_14' title="bbox 288 1679 1335 1752; baseline 0 -21"><span class='ocrx_word' id='word_1_113' title='bbox 288 1679 407 1734; x_wconf 84' lang='lat' dir='ltr'>dandum</span> <span class='ocrx_word' id='word_1_114' title='bbox 425 1700 475 1734; x_wconf 88' lang='lat' dir='ltr'>nos</span> <span class='ocrx_word' id='word_1_115' title='bbox 490 1681 727 1752; x_wconf 81' lang='lat' dir='ltr'>componebamus.</span> <span class='ocrx_word' id='word_1_116' title='bbox 770 1681 859 1751; x_wconf 77' lang='lat' dir='ltr'>Atque</span> <span class='ocrx_word' id='word_1_117' title='bbox 876 1680 922 1752; x_wconf 89' lang='lat' dir='ltr'>qui</span> <span class='ocrx_word' id='word_1_118' title='bbox 947 1680 1080 1751; x_wconf 86' lang='lat' dir='ltr'>primum,</span> <span class='ocrx_word' id='word_1_119' title='bbox 1110 1679 1182 1732; x_wconf 88' lang='lat' dir='ltr'>nulla</span> <span class='ocrx_word' id='word_1_120' title='bbox 1205 1679 1285 1750; x_wconf 89' lang='lat' dir='ltr'>plane</span> <span class='ocrx_word' id='word_1_121' title='bbox 1302 1680 1335 1732; x_wconf 86' lang='lat' dir='ltr'>ti-</span> 
     </span>
     <span class='ocr_line' id='line_1_15' title="bbox 287 1766 1337 1840; baseline -0.003 -21"><span class='ocrx_word' id='word_1_122' title='bbox 287 1769 400 1821; x_wconf 85' lang='lat' dir='ltr'>brorum</span> <span class='ocrx_word' id='word_1_123' title='bbox 418 1769 569 1840; x_wconf 74' lang='lat' dir='ltr'>scriptionis</span> <span class='ocrx_word' id='word_1_124' title='bbox 585 1769 733 1840; x_wconf 89' lang='lat' dir='ltr'>ductusque</span> <span class='ocrx_word' id='word_1_125' title='bbox 752 1768 890 1822; x_wconf 89' lang='lat' dir='ltr'>literarum</span> <span class='ocrx_word' id='word_1_126' title='bbox 918 1767 1020 1821; x_wconf 86' lang='lat' dir='ltr'>ratione</span> <span class='ocrx_word' id='word_1_127' title='bbox 1043 1766 1147 1832; x_wconf 84' lang='lat' dir='ltr'>habita,</span> <span class='ocrx_word' id='word_1_128' title='bbox 1175 1768 1337 1838; x_wconf 76' lang='lat' dir='ltr'>copioseque,</span> 
     </span>
     <span class='ocr_line' id='line_1_16' title="bbox 289 1853 1335 1928; baseline 0.001 -22"><span class='ocrx_word' id='word_1_129' title='bbox 289 1855 390 1926; x_wconf 89' lang='lat' dir='ltr'>quique</span> <span class='ocrx_word' id='word_1_130' title='bbox 407 1855 650 1928; x_wconf 84' lang='lat' dir='ltr'>elaboreteque</span> <span class='ocrx_word' id='word_1_131' title='bbox 668 1857 872 1927; x_wconf 78' lang='lat' dir='ltr'>proponebant,</span> <span class='ocrx_word' id='word_1_132' title='bbox 897 1855 985 1908; x_wconf 88' lang='lat' dir='ltr'>statim</span> <span class='ocrx_word' id='word_1_133' title='bbox 1002 1855 1088 1908; x_wconf 84' lang='lat' dir='ltr'>valere</span> <span class='ocrx_word' id='word_1_134' title='bbox 1114 1854 1190 1918; x_wconf 85' lang='lat' dir='ltr'>iussi,</span> <span class='ocrx_word' id='word_1_135' title='bbox 1221 1854 1252 1905; x_wconf 89' lang='lat' dir='ltr'>iis</span> <span class='ocrx_word' id='word_1_136' title='bbox 1274 1853 1335 1907; x_wconf 81' lang='lat' dir='ltr'>loco</span> 
     </span>
     <span class='ocr_line' id='line_1_17' title="bbox 289 1940 1337 2015; baseline -0.003 -20"><span class='ocrx_word' id='word_1_137' title='bbox 289 1943 467 2009; x_wconf 88' lang='lat' dir='ltr'>decedebant,</span> <span class='ocrx_word' id='word_1_138' title='bbox 495 1944 540 2014; x_wconf 92' lang='lat' dir='ltr'>qui</span> <span class='ocrx_word' id='word_1_139' title='bbox 567 1945 700 2015; x_wconf 78' lang='lat' dir='ltr'>ausisque</span> <span class='ocrx_word' id='word_1_140' title='bbox 724 1944 825 2015; x_wconf 88' lang='lat' dir='ltr'>quique</span> <span class='ocrx_word' id='word_1_141' title='bbox 850 1955 930 1994; x_wconf 84' lang='lat' dir='ltr'>acute</span> <span class='ocrx_word' id='word_1_142' title='bbox 954 1942 1114 2013; x_wconf 79' lang='lat' dir='ltr'>proferrent.</span> <span class='ocrx_word' id='word_1_143' title='bbox 1164 1940 1205 1995; x_wconf 82' lang='lat' dir='ltr'>Ac</span> <span class='ocrx_word' id='word_1_144' title='bbox 1234 1944 1337 2011; x_wconf 87' lang='lat' dir='ltr'>priores</span> 
     </span>
     <span class='ocr_line' id='line_1_18' title="bbox 289 2028 1333 2102; baseline 0 -20"><span class='ocrx_word' id='word_1_145' title='bbox 289 2030 398 2101; x_wconf 89' lang='lat' dir='ltr'>quidem</span> <span class='ocrx_word' id='word_1_146' title='bbox 415 2031 552 2083; x_wconf 86' lang='lat' dir='ltr'>neminem</span> <span class='ocrx_word' id='word_1_147' title='bbox 573 2041 679 2102; x_wconf 86' lang='lat' dir='ltr'>praeter</span> <span class='ocrx_word' id='word_1_148' title='bbox 694 2030 863 2084; x_wconf 85' lang='lat' dir='ltr'>Macrobiuni</span> <span class='ocrx_word' id='word_1_149' title='bbox 887 2031 915 2082; x_wconf 91' lang='lat' dir='ltr'>in</span> <span class='ocrx_word' id='word_1_150' title='bbox 941 2028 1086 2081; x_wconf 79' lang='lat' dir='ltr'>subsidium</span> <span class='ocrx_word' id='word_1_151' title='bbox 1114 2029 1257 2095; x_wconf 72' lang='lat' dir='ltr'>vocabant,</span> <span class='ocrx_word' id='word_1_152' title='bbox 1288 2033 1333 2099; x_wconf 89' lang='lat' dir='ltr'>qui</span> 
     </span>
     <span class='ocr_line' id='line_1_19' title="bbox 289 2116 1335 2189; baseline 0 -19"><span class='ocrx_word' id='word_1_153' title='bbox 289 2117 422 2172; x_wconf 81' lang='lat' dir='ltr'>Saturnal.</span> <span class='ocrx_word' id='word_1_154' title='bbox 442 2116 487 2181; x_wconf 87' lang='lat' dir='ltr'>Vl,</span> <span class='ocrx_word' id='word_1_155' title='bbox 505 2122 535 2170; x_wconf 78' lang='lat' dir='ltr'>l:</span> <span class='ocrx_word' id='word_1_156' title='bbox 560 2136 642 2188; x_wconf 87' lang='lat' dir='ltr'>quum</span> <span class='ocrx_word' id='word_1_157' title='bbox 663 2118 809 2189; x_wconf 79' lang='lat' dir='ltr'>Virgilius,</span> <span class='ocrx_word' id='word_1_158' title='bbox 835 2117 953 2188; x_wconf 81' lang='lat' dir='ltr'>scripsit,</span> <span class='ocrx_word' id='word_1_159' title='bbox 972 2118 1078 2168; x_wconf 73' lang='lat' dir='ltr'>anxie</span> <span class='ocrx_word' id='word_1_160' title='bbox 1103 2136 1204 2186; x_wconf 80' lang='lat' dir='ltr'>semper</span> <span class='ocrx_word' id='word_1_161' title='bbox 1221 2118 1335 2189; x_wconf 72' lang='lat' dir='ltr'>diligens</span> 
     </span>
     <span class='ocr_line' id='line_1_20' title="bbox 284 2202 1334 2276; baseline 0.002 -21"><span class='ocrx_word' id='word_1_162' title='bbox 284 2205 375 2274; x_wconf 85' lang='lat' dir='ltr'>suerit</span> <span class='ocrx_word' id='word_1_163' title='bbox 392 2205 421 2257; x_wconf 86' lang='lat' dir='ltr'>iis</span> <span class='ocrx_word' id='word_1_164' title='bbox 440 2204 580 2257; x_wconf 79' lang='lat' dir='ltr'>uerbis-</span> <span class='ocrx_word' id='word_1_165' title='bbox 597 2205 743 2274; x_wconf 49' lang='lat' dir='ltr'>ponendi„</span> <span class='ocrx_word' id='word_1_166' title='bbox 772 2203 798 2256; x_wconf 91' lang='lat' dir='ltr'>hi</span> <span class='ocrx_word' id='word_1_167' title='bbox 817 2222 880 2256; x_wconf 81' lang='lat' dir='ltr'>sero</span> <span class='ocrx_word' id='word_1_168' title='bbox 899 2204 985 2274; x_wconf 86' lang='lat' dir='ltr'>ipsum</span> <span class='ocrx_word' id='word_1_169' title='bbox 1003 2202 1164 2257; x_wconf 83' lang='lat' dir='ltr'>Ciceronem</span> <span class='ocrx_word' id='word_1_170' title='bbox 1189 2215 1334 2276; x_wconf 85' lang='lat' dir='ltr'>patronum</span> 
     </span>
     <span class='ocr_line' id='line_1_21' title="bbox 289 2291 1334 2363; baseline 0.002 -20"><span class='ocrx_word' id='word_1_171' title='bbox 289 2303 479 2363; x_wconf 81' lang='lat' dir='ltr'>auctoremque</span> <span class='ocrx_word' id='word_1_172' title='bbox 496 2291 593 2346; x_wconf 79' lang='lat' dir='ltr'>habore</span> <span class='ocrx_word' id='word_1_173' title='bbox 611 2312 638 2345; x_wconf 85' lang='lat' dir='ltr'>se</span> <span class='ocrx_word' id='word_1_174' title='bbox 656 2292 843 2357; x_wconf 86' lang='lat' dir='ltr'>clamitabant,</span> <span class='ocrx_word' id='word_1_175' title='bbox 862 2293 908 2363; x_wconf 90' lang='lat' dir='ltr'>qui</span> <span class='ocrx_word' id='word_1_176' title='bbox 927 2291 961 2343; x_wconf 90' lang='lat' dir='ltr'>de</span> <span class='ocrx_word' id='word_1_177' title='bbox 978 2291 1132 2345; x_wconf 88' lang='lat' dir='ltr'>Stoicarum</span> <span class='ocrx_word' id='word_1_178' title='bbox 1148 2292 1334 2363; x_wconf 86' lang='lat' dir='ltr'>disputationi·</span> 
     </span>
     <span class='ocr_line' id='line_1_22' title="bbox 286 2369 1334 2452; baseline 0.001 -21"><span class='ocrx_word' id='word_1_179' title='bbox 286 2369 339 2433; x_wconf 84' lang='lat' dir='ltr'>bus</span> <span class='ocrx_word' id='word_1_180' title='bbox 355 2379 469 2452; x_wconf 88' lang='lat' dir='ltr'>loquens</span> <span class='ocrx_word' id='word_1_181' title='bbox 485 2399 565 2451; x_wconf 85' lang='lat' dir='ltr'>saepe</span> <span class='ocrx_word' id='word_1_182' title='bbox 582 2391 680 2433; x_wconf 87' lang='lat' dir='ltr'>acutas</span> <span class='ocrx_word' id='word_1_183' title='bbox 696 2400 740 2434; x_wconf 87' lang='lat' dir='ltr'>eas</span> <span class='ocrx_word' id='word_1_184' title='bbox 757 2379 945 2452; x_wconf 78' lang='lat' dir='ltr'>appellaverit,</span> <span class='ocrx_word' id='word_1_185' title='bbox 975 2400 996 2431; x_wconf 80' lang='lat' dir='ltr'>r.</span> <span class='ocrx_word' id='word_1_186' title='bbox 1016 2398 1039 2435; x_wconf 87' lang='lat' dir='ltr'>c.</span> <span class='ocrx_word' id='word_1_187' title='bbox 1058 2380 1092 2431; x_wconf 91' lang='lat' dir='ltr'>de</span> <span class='ocrx_word' id='word_1_188' title='bbox 1109 2379 1170 2433; x_wconf 87' lang='lat' dir='ltr'>Nat.</span> <span class='ocrx_word' id='word_1_189' title='bbox 1187 2379 1270 2432; x_wconf 87' lang='lat' dir='ltr'>Deor.</span> <span class='ocrx_word' id='word_1_190' title='bbox 1288 2379 1334 2446; x_wconf 89' lang='lat' dir='ltr'>tlt,</span> 
     </span>
     <span class='ocr_line' id='line_1_23' title="bbox 288 2467 1334 2541; baseline 0.003 -21"><span class='ocrx_word' id='word_1_191' title='bbox 288 2472 315 2532; x_wconf 73' lang='lat' dir='ltr'>l,</span> <span class='ocrx_word' id='word_1_192' title='bbox 324 2470 374 2521; x_wconf 76' lang='lat'>18:</span> <span class='ocrx_word' id='word_1_193' title='bbox 394 2471 557 2541; x_wconf 73' lang='lat' dir='ltr'>Zenonisque</span> <span class='ocrx_word' id='word_1_194' title='bbox 568 2469 658 2523; x_wconf 71' lang='lat' dir='ltr'>breves</span> <span class='ocrx_word' id='word_1_195' title='bbox 674 2481 701 2521; x_wconf 88' lang='lat' dir='ltr'>et</span> <span class='ocrx_word' id='word_1_196' title='bbox 719 2470 889 2521; x_wconf 87' lang='lat' dir='ltr'>acutulas</span> <span class='ocrx_word' id='word_1_197' title='bbox 907 2467 1085 2521; x_wconf 68' lang='lat' dir='ltr'>casauriensi</span> <span class='ocrx_word' id='word_1_198' title='bbox 1094 2488 1104 2528; x_wconf 89' lang='lat'>‚·</span> <span class='ocrx_word' id='word_1_199' title='bbox 1117 2496 1151 2506; x_wconf 88' lang='lat'><em>-</em></span> <span class='ocrx_word' id='word_1_200' title='bbox 1171 2468 1334 2523; x_wconf 80' lang='lat' dir='ltr'>Antiochum</span> 
     </span>
     <span class='ocr_line' id='line_1_24' title="bbox 290 2554 1335 2628; baseline 0.001 -21"><span class='ocrx_word' id='word_1_201' title='bbox 290 2575 351 2608; x_wconf 83' lang='lat' dir='ltr'>vera</span> <span class='ocrx_word' id='word_1_202' title='bbox 369 2554 573 2628; x_wconf 87' lang='lat' dir='ltr'>philosophum,</span> <span class='ocrx_word' id='word_1_203' title='bbox 592 2576 672 2628; x_wconf 90' lang='lat' dir='ltr'>quem</span> <span class='ocrx_word' id='word_1_204' title='bbox 691 2557 792 2611; x_wconf 77' lang='lat' dir='ltr'>Acadd.</span> <span class='ocrx_word' id='word_1_205' title='bbox 811 2555 844 2623; x_wconf 89' lang='grc' dir='ltr'>ΙΙ,</span> <span class='ocrx_word' id='word_1_206' title='bbox 863 2560 906 2610; x_wconf 77' lang='lat'>21.</span> <span class='ocrx_word' id='word_1_207' title='bbox 940 2557 1091 2609; x_wconf 82' lang='lat' dir='ltr'>Stoicorum</span> <span class='ocrx_word' id='word_1_208' title='bbox 1110 2556 1335 2626; x_wconf 72' lang='lat' dir='ltr'>adstipulatorem</span> 
     </span>
     <span class='ocr_line' id='line_1_25' title="bbox 289 2642 1335 2715; baseline 0.006 -22"><span class='ocrx_word' id='word_1_209' title='bbox 289 2642 364 2708; x_wconf 84' lang='lat' dir='ltr'>disit,</span> <span class='ocrx_word' id='word_1_210' title='bbox 389 2643 424 2696; x_wconf 90' lang='lat' dir='ltr'>de</span> <span class='ocrx_word' id='word_1_211' title='bbox 441 2644 500 2697; x_wconf 86' lang='lat' dir='ltr'>Nat.</span> <span class='ocrx_word' id='word_1_212' title='bbox 519 2643 603 2698; x_wconf 85' lang='lat' dir='ltr'>Deor.</span> <span class='ocrx_word' id='word_1_213' title='bbox 619 2645 639 2710; x_wconf 89' lang='lat' dir='ltr'>l,</span> <span class='ocrx_word' id='word_1_214' title='bbox 656 2650 682 2710; x_wconf 76' lang='lat' dir='ltr'>l,</span> <span class='ocrx_word' id='word_1_215' title='bbox 709 2649 754 2700; x_wconf 74' lang='lat' dir='ltr'>ab.</span> <span class='ocrx_word' id='word_1_216' title='bbox 772 2646 901 2696; x_wconf 75' lang='lat' dir='ltr'>bornimr</span> <span class='ocrx_word' id='word_1_217' title='bbox 925 2645 1065 2715; x_wconf 86' lang='lat' dir='ltr'>inprimis</span> <span class='ocrx_word' id='word_1_218' title='bbox 1091 2655 1231 2697; x_wconf 82' lang='lat' dir='ltr'>acutum</span> <span class='ocrx_word' id='word_1_219' title='bbox 1255 2645 1335 2699; x_wconf 81' lang='lat' dir='ltr'>luisse</span> 
     </span>
     <span class='ocr_line' id='line_1_26' title="bbox 289 2731 1336 2804; baseline -0.001 -19"><span class='ocrx_word' id='word_1_220' title='bbox 289 2731 464 2785; x_wconf 79' lang='lat' dir='ltr'>contenderit.</span> <span class='ocrx_word' id='word_1_221' title='bbox 500 2731 557 2801; x_wconf 72' lang='lat' dir='ltr'>Ego</span> <span class='ocrx_word' id='word_1_222' title='bbox 576 2752 652 2799; x_wconf 82' lang='lat' dir='ltr'>vero,</span> <span class='ocrx_word' id='word_1_223' title='bbox 676 2734 712 2786; x_wconf 86' lang='lat' dir='ltr'>lta</span> <span class='ocrx_word' id='word_1_224' title='bbox 732 2745 783 2797; x_wconf 90' lang='lat' dir='ltr'>est,</span> <span class='ocrx_word' id='word_1_225' title='bbox 803 2734 928 2804; x_wconf 88' lang='lat' dir='ltr'>inquam:</span> <span class='ocrx_word' id='word_1_226' title='bbox 954 2732 1060 2786; x_wconf 89' lang='lat' dir='ltr'>Stoicos</span> <span class='ocrx_word' id='word_1_227' title='bbox 1086 2741 1182 2784; x_wconf 87' lang='lat' dir='ltr'>acutos</span> <span class='ocrx_word' id='word_1_228' title='bbox 1206 2731 1270 2785; x_wconf 79' lang='lat' dir='ltr'>dixit</span> <span class='ocrx_word' id='word_1_229' title='bbox 1288 2731 1336 2784; x_wconf 82' lang='lat' dir='ltr'>Gi-</span> 
     </span>
     <span class='ocr_line' id='line_1_27' title="bbox 290 2818 1337 2892; baseline 0.001 -21"><span class='ocrx_word' id='word_1_230' title='bbox 290 2837 365 2872; x_wconf 78' lang='lat' dir='ltr'>cero:</span> <span class='ocrx_word' id='word_1_231' title='bbox 382 2818 427 2872; x_wconf 90' lang='lat' dir='ltr'>sed</span> <span class='ocrx_word' id='word_1_232' title='bbox 447 2818 607 2890; x_wconf 85' lang='lat' dir='ltr'>Epicureos,</span> <span class='ocrx_word' id='word_1_233' title='bbox 625 2840 693 2892; x_wconf 90' lang='lat' dir='ltr'>quos</span> <span class='ocrx_word' id='word_1_234' title='bbox 710 2832 803 2875; x_wconf 76' lang='lat' dir='ltr'>metro</span> <span class='ocrx_word' id='word_1_235' title='bbox 821 2821 930 2892; x_wconf 87' lang='lat' dir='ltr'>quidem</span> <span class='ocrx_word' id='word_1_236' title='bbox 949 2822 1034 2892; x_wconf 77' lang='lat' dir='ltr'>tangit</span> <span class='ocrx_word' id='word_1_237' title='bbox 1049 2820 1125 2887; x_wconf 89' lang='lat' dir='ltr'>loco,</span> <span class='ocrx_word' id='word_1_238' title='bbox 1143 2821 1213 2874; x_wconf 85' lang='lat' dir='ltr'>idem</span> <span class='ocrx_word' id='word_1_239' title='bbox 1230 2823 1263 2873; x_wconf 88' lang='lat' dir='ltr'>de</span> <span class='ocrx_word' id='word_1_240' title='bbox 1282 2820 1337 2874; x_wconf 86' lang='lat' dir='ltr'>Ol-</span> 
     </span>
     <span class='ocr_line' id='line_1_28' title="bbox 290 2904 1336 2980; baseline -0.001 -21"><span class='ocrx_word' id='word_1_241' title='bbox 290 2904 332 2959; x_wconf 81' lang='lat' dir='ltr'>sic.</span> <span class='ocrx_word' id='word_1_242' title='bbox 349 2906 394 2973; x_wconf 86' lang='grc' dir='ltr'>ΙΙΙ,</span> <span class='ocrx_word' id='word_1_243' title='bbox 407 2908 433 2972; x_wconf 84' lang='grc'>9,</span> <span class='ocrx_word' id='word_1_244' title='bbox 449 2908 492 2961; x_wconf 82' lang='grc'>39.</span> <span class='ocrx_word' id='word_1_245' title='bbox 511 2906 656 2961; x_wconf 83' lang='lat' dir='ltr'>admodum</span> <span class='ocrx_word' id='word_1_246' title='bbox 675 2909 801 2980; x_wconf 79' lang='lat' dir='ltr'>ambigue</span> <span class='ocrx_word' id='word_1_247' title='bbox 819 2908 919 2962; x_wconf 88' lang='lat' dir='ltr'>laudat:</span> <span class='ocrx_word' id='word_1_248' title='bbox 938 2909 1042 2962; x_wconf 83' lang='lat' dir='ltr'>dicens:</span> <span class='ocrx_word' id='word_1_249' title='bbox 1055 2910 1206 2977; x_wconf 83' lang='lat' dir='ltr'>pbilosopbi</span> <span class='ocrx_word' id='word_1_250' title='bbox 1219 2909 1336 2979; x_wconf 82' lang='lat' dir='ltr'>quidam,</span> 
     </span>
     <span class='ocr_line' id='line_1_29' title="bbox 289 2993 1335 3065; baseline 0.005 -21"><span class='ocrx_word' id='word_1_251' title='bbox 289 2993 393 3045; x_wconf 69' lang='lat' dir='ltr'>maine</span> <span class='ocrx_word' id='word_1_252' title='bbox 411 2994 477 3045; x_wconf 87' lang='lat' dir='ltr'>mali</span> <span class='ocrx_word' id='word_1_253' title='bbox 492 2993 535 3045; x_wconf 83' lang='lat' dir='ltr'>itti</span> <span class='ocrx_word' id='word_1_254' title='bbox 553 2995 672 3065; x_wconf 87' lang='lat' dir='ltr'>quidem,</span> <span class='ocrx_word' id='word_1_255' title='bbox 701 2997 749 3048; x_wconf 83' lang='lat' dir='ltr'>sed</span> <span class='ocrx_word' id='word_1_256' title='bbox 767 3015 820 3048; x_wconf 85' lang='lat' dir='ltr'>non</span> <span class='ocrx_word' id='word_1_257' title='bbox 844 2998 914 3049; x_wconf 84' lang='lat' dir='ltr'>satis</span> <span class='ocrx_word' id='word_1_258' title='bbox 939 2997 1048 3050; x_wconf 87' lang='lat' dir='ltr'>acuti.</span> <span class='ocrx_word' id='word_1_259' title='bbox 1103 2994 1167 3063; x_wconf 85' lang='lat' dir='ltr'>Quo</span> <span class='ocrx_word' id='word_1_260' title='bbox 1185 2997 1277 3050; x_wconf 86' lang='lat' dir='ltr'>audito</span> <span class='ocrx_word' id='word_1_261' title='bbox 1297 2997 1335 3050; x_wconf 90' lang='lat' dir='ltr'>illi</span> 
     </span>
     <span class='ocr_line' id='line_1_30' title="bbox 290 3081 1337 3155; baseline 0.007 -23"><span class='ocrx_word' id='word_1_262' title='bbox 290 3099 399 3152; x_wconf 86' lang='lat' dir='ltr'>quaque</span> <span class='ocrx_word' id='word_1_263' title='bbox 416 3081 491 3147; x_wconf 91' lang='lat' dir='ltr'>„sine</span> <span class='ocrx_word' id='word_1_264' title='bbox 508 3081 605 3134; x_wconf 87' lang='lat' dir='ltr'>sudore</span> <span class='ocrx_word' id='word_1_265' title='bbox 622 3102 655 3137; x_wconf 91' lang='lat' dir='ltr'>ac</span> <span class='ocrx_word' id='word_1_266' title='bbox 672 3083 827 3154; x_wconf 79' lang='lat' dir='ltr'>sanguine“</span> <span class='ocrx_word' id='word_1_267' title='bbox 845 3103 918 3137; x_wconf 86' lang='lat' dir='ltr'>arma</span> <span class='ocrx_word' id='word_1_268' title='bbox 937 3084 1121 3154; x_wconf 88' lang='lat' dir='ltr'>deponebant,</span> <span class='ocrx_word' id='word_1_269' title='bbox 1141 3084 1204 3155; x_wconf 89' lang='lat' dir='ltr'>qui,</span> <span class='ocrx_word' id='word_1_270' title='bbox 1223 3104 1285 3138; x_wconf 91' lang='lat' dir='ltr'>cum</span> <span class='ocrx_word' id='word_1_271' title='bbox 1303 3086 1337 3139; x_wconf 88' lang='lat' dir='ltr'>de</span> 
     </span>
     <span class='ocr_line' id='line_1_31' title="bbox 290 3168 1337 3245; baseline 0.004 -24"><span class='ocrx_word' id='word_1_272' title='bbox 290 3168 340 3221; x_wconf 86' lang='lat' dir='ltr'>Or.</span> <span class='ocrx_word' id='word_1_273' title='bbox 358 3168 390 3234; x_wconf 85' lang='grc' dir='ltr'>ΙΙ,</span> <span class='ocrx_word' id='word_1_274' title='bbox 408 3173 434 3233; x_wconf 79' lang='grc'>4,</span> <span class='ocrx_word' id='word_1_275' title='bbox 452 3171 495 3222; x_wconf 81' lang='grc'>18.</span> <span class='ocrx_word' id='word_1_276' title='bbox 513 3168 649 3243; x_wconf 74' lang='lat' dir='ltr'>legissent:</span> <span class='ocrx_word' id='word_1_277' title='bbox 680 3171 811 3229; x_wconf 80' lang='lat' dir='ltr'>derebus</span> <span class='ocrx_word' id='word_1_278' title='bbox 835 3183 887 3226; x_wconf 84' lang='lat' dir='ltr'>aut</span> <span class='ocrx_word' id='word_1_279' title='bbox 908 3171 1083 3245; x_wconf 74' lang='lat' dir='ltr'>difficillimis</span> <span class='ocrx_word' id='word_1_280' title='bbox 1102 3182 1223 3224; x_wconf 85' lang='lat' dir='ltr'>autnon</span> <span class='ocrx_word' id='word_1_281' title='bbox 1247 3192 1337 3225; x_wconf 84' lang='lat' dir='ltr'>neces·</span> 
     </span>
     <span class='ocr_line' id='line_1_32' title="bbox 289 3258 1336 3333; baseline 0.003 -25"><span class='ocrx_word' id='word_1_282' title='bbox 289 3258 370 3309; x_wconf 80' lang='lat' dir='ltr'>seriis</span> <span class='ocrx_word' id='word_1_283' title='bbox 388 3258 618 3329; x_wconf 78' lang='lat' dir='ltr'>argutissime</span> <span class='ocrx_word' id='word_1_284' title='bbox 635 3260 791 3330; x_wconf 84' lang='lat' dir='ltr'>disputare,</span> <span class='ocrx_word' id='word_1_285' title='bbox 810 3260 972 3333; x_wconf 81' lang='lat' dir='ltr'>proposituri</span> <span class='ocrx_word' id='word_1_286' title='bbox 991 3270 1068 3312; x_wconf 87' lang='lat' dir='ltr'>erant</span> <span class='ocrx_word' id='word_1_287' title='bbox 1084 3270 1273 3331; x_wconf 75' lang='lat' dir='ltr'>arguteque</span> <span class='ocrx_word' id='word_1_288' title='bbox 1291 3262 1336 3311; x_wconf 78' lang='lat' dir='ltr'>tle·</span> 
     </span>
     <span class='ocr_line' id='line_1_33' title="bbox 285 3334 1336 3421; baseline 0.002 -22"><span class='ocrx_word' id='word_1_289' title='bbox 285 3345 421 3412; x_wconf 81' lang='lat' dir='ltr'>sendunt:</span> <span class='ocrx_word' id='word_1_290' title='bbox 439 3356 511 3401; x_wconf 85' lang='lat' dir='ltr'>recte</span> <span class='ocrx_word' id='word_1_291' title='bbox 529 3347 601 3399; x_wconf 86' lang='lat' dir='ltr'>enini</span> <span class='ocrx_word' id='word_1_292' title='bbox 619 3349 779 3419; x_wconf 85' lang='lat' dir='ltr'>reputabant</span> <span class='ocrx_word' id='word_1_293' title='bbox 797 3360 911 3421; x_wconf 82' lang='lat' dir='ltr'>argutos</span> <span class='ocrx_word' id='word_1_294' title='bbox 939 3348 991 3402; x_wconf 89' lang='lat' dir='ltr'>dici</span> <span class='ocrx_word' id='word_1_295' title='bbox 1015 3334 1163 3419; x_wconf 84' lang='lat' dir='ltr'>Epicureos</span> <span class='ocrx_word' id='word_1_296' title='bbox 1189 3367 1336 3420; x_wconf 82' lang='lat' dir='ltr'>nunquam,</span> 
     </span>
     <span class='ocr_line' id='line_1_34' title="bbox 290 3432 1337 3509; baseline 0.003 -24"><span class='ocrx_word' id='word_1_297' title='bbox 290 3452 392 3504; x_wconf 87' lang='lat' dir='ltr'>neque,</span> <span class='ocrx_word' id='word_1_298' title='bbox 422 3432 472 3486; x_wconf 87' lang='lat' dir='ltr'>nisi</span> <span class='ocrx_word' id='word_1_299' title='bbox 496 3452 557 3487; x_wconf 92' lang='lat' dir='ltr'>cum</span> <span class='ocrx_word' id='word_1_300' title='bbox 587 3436 682 3489; x_wconf 86' lang='lat' dir='ltr'>acerba</span> <span class='ocrx_word' id='word_1_301' title='bbox 701 3438 817 3509; x_wconf 86' lang='lat' dir='ltr'>quadam</span> <span class='ocrx_word' id='word_1_302' title='bbox 843 3436 967 3489; x_wconf 78' lang='lat' dir='ltr'>irrisione</span> <span class='ocrx_word' id='word_1_303' title='bbox 985 3446 1099 3507; x_wconf 79' lang='lat' dir='ltr'>argutos</span> <span class='ocrx_word' id='word_1_304' title='bbox 1118 3435 1169 3491; x_wconf 91' lang='lat' dir='ltr'>dici</span> <span class='ocrx_word' id='word_1_305' title='bbox 1188 3437 1304 3508; x_wconf 86' lang='lat' dir='ltr'>potuisse</span> <span class='ocrx_word' id='word_1_306' title='bbox 1321 3456 1337 3488; x_wconf 86' lang='lat' dir='ltr'>a</span> 
     </span>
     <span class='ocr_line' id='line_1_35' title="bbox 289 3517 1337 3596; baseline 0.005 -25"><span class='ocrx_word' id='word_1_307' title='bbox 289 3517 430 3574; x_wconf 78' lang='lat' dir='ltr'>Cicerone·</span> <span class='ocrx_word' id='word_1_308' title='bbox 464 3521 534 3573; x_wconf 83' lang='lat' dir='ltr'>Tum</span> <span class='ocrx_word' id='word_1_309' title='bbox 555 3542 623 3576; x_wconf 89' lang='lat' dir='ltr'>unns</span> <span class='ocrx_word' id='word_1_310' title='bbox 644 3544 658 3577; x_wconf 89' lang='lat' dir='ltr'>e</span> <span class='ocrx_word' id='word_1_311' title='bbox 678 3524 801 3596; x_wconf 86' lang='lat' dir='ltr'>reliquis,</span> <span class='ocrx_word' id='word_1_312' title='bbox 824 3525 938 3579; x_wconf 87' lang='lat' dir='ltr'>fidenter</span> <span class='ocrx_word' id='word_1_313' title='bbox 953 3543 1015 3577; x_wconf 88' lang='lat' dir='ltr'>sane</span> <span class='ocrx_word' id='word_1_314' title='bbox 1034 3535 1060 3577; x_wconf 88' lang='lat' dir='ltr'>et</span> <span class='ocrx_word' id='word_1_315' title='bbox 1078 3524 1213 3577; x_wconf 86' lang='lat' dir='ltr'>victoriam</span> <span class='ocrx_word' id='word_1_316' title='bbox 1231 3525 1337 3596; x_wconf 86' lang='lat' dir='ltr'>praeci-</span> 
     </span>
     <span class='ocr_line' id='line_1_36' title="bbox 289 3607 1335 3682; baseline 0.005 -24"><span class='ocrx_word' id='word_1_317' title='bbox 289 3607 365 3676; x_wconf 90' lang='lat' dir='ltr'>piens</span> <span class='ocrx_word' id='word_1_318' title='bbox 382 3607 488 3674; x_wconf 89' lang='lat' dir='ltr'>animo,</span> <span class='ocrx_word' id='word_1_319' title='bbox 509 3609 589 3679; x_wconf 92' lang='lat' dir='ltr'>quid,</span> <span class='ocrx_word' id='word_1_320' title='bbox 608 3610 710 3681; x_wconf 91' lang='lat' dir='ltr'>inquit,</span> <span class='ocrx_word' id='word_1_321' title='bbox 738 3613 851 3666; x_wconf 83' lang='lat' dir='ltr'>vosalia</span> <span class='ocrx_word' id='word_1_322' title='bbox 880 3610 1082 3682; x_wconf 88' lang='lat' dir='ltr'>circumspicitis</span> <span class='ocrx_word' id='word_1_323' title='bbox 1101 3609 1243 3674; x_wconf 82' lang='lat' dir='ltr'>vocabula,</span> <span class='ocrx_word' id='word_1_324' title='bbox 1273 3630 1335 3664; x_wconf 91' lang='lat' dir='ltr'>cum</span> 
     </span>
     <span class='ocr_line' id='line_1_37' title="bbox 289 3694 1336 3768; baseline 0.003 -23"><span class='ocrx_word' id='word_1_325' title='bbox 289 3694 373 3765; x_wconf 87' lang='lat' dir='ltr'>ipsam</span> <span class='ocrx_word' id='word_1_326' title='bbox 392 3695 530 3750; x_wconf 89' lang='lat' dir='ltr'>Ciceronis</span> <span class='ocrx_word' id='word_1_327' title='bbox 548 3716 658 3751; x_wconf 88' lang='lat' dir='ltr'>manum</span> <span class='ocrx_word' id='word_1_328' title='bbox 677 3699 704 3753; x_wconf 93' lang='lat' dir='ltr'>in</span> <span class='ocrx_word' id='word_1_329' title='bbox 724 3699 798 3753; x_wconf 87' lang='lat' dir='ltr'>libris</span> <span class='ocrx_word' id='word_1_330' title='bbox 816 3700 933 3753; x_wconf 85' lang='lat' dir='ltr'>habeatis</span> <span class='ocrx_word' id='word_1_331' title='bbox 950 3697 1095 3751; x_wconf 87' lang='lat' dir='ltr'>omnibus?</span> <span class='ocrx_word' id='word_1_332' title='bbox 1114 3697 1191 3768; x_wconf 80' lang='lat' dir='ltr'>legite</span> <span class='ocrx_word' id='word_1_333' title='bbox 1210 3716 1263 3749; x_wconf 89' lang='lat' dir='ltr'>una</span> <span class='ocrx_word' id='word_1_334' title='bbox 1281 3697 1336 3767; x_wconf 83' lang='lat' dir='ltr'>syl-</span> 
     </span>
     <span class='ocr_line' id='line_1_38' title="bbox 290 3781 1336 3859; baseline 0.002 -26"><span class='ocrx_word' id='word_1_335' title='bbox 290 3781 348 3837; x_wconf 85' lang='lat' dir='ltr'>laba</span> <span class='ocrx_word' id='word_1_336' title='bbox 368 3782 485 3841; x_wconf 77' lang='lat' dir='ltr'>abiectae</span> <span class='ocrx_word' id='word_1_337' title='bbox 511 3796 585 3841; x_wconf 84' lang='lat' dir='ltr'>arcte</span> <span class='ocrx_word' id='word_1_338' title='bbox 605 3798 697 3843; x_wconf 80' lang='lat' dir='ltr'>tenent</span> <span class='ocrx_word' id='word_1_339' title='bbox 716 3807 754 3841; x_wconf 89' lang='lat' dir='ltr'>ac</span> <span class='ocrx_word' id='word_1_340' title='bbox 774 3798 899 3843; x_wconf 82' lang='lat' dir='ltr'>curate</span> <span class='ocrx_word' id='word_1_341' title='bbox 918 3787 1084 3859; x_wconf 83' lang='lat' dir='ltr'>defendunt,</span> <span class='ocrx_word' id='word_1_342' title='bbox 1103 3784 1174 3852; x_wconf 82' lang='lat' dir='ltr'>sire,</span> <span class='ocrx_word' id='word_1_343' title='bbox 1201 3785 1222 3837; x_wconf 90' lang='lat' dir='ltr'>si</span> <span class='ocrx_word' id='word_1_344' title='bbox 1242 3783 1336 3854; x_wconf 85' lang='lat' dir='ltr'>placet,</span> 
     </span>
     <span class='ocr_line' id='line_1_39' title="bbox 290 3869 1338 3948; baseline -0.002 -23"><span class='ocrx_word' id='word_1_345' title='bbox 290 3869 365 3938; x_wconf 85' lang='lat' dir='ltr'>(nam</span> <span class='ocrx_word' id='word_1_346' title='bbox 383 3869 528 3926; x_wconf 81' lang='lat' dir='ltr'>liberaliter</span> <span class='ocrx_word' id='word_1_347' title='bbox 546 3875 681 3931; x_wconf 82' lang='lat' dir='ltr'>vobiscum</span> <span class='ocrx_word' id='word_1_348' title='bbox 700 3876 792 3948; x_wconf 76' lang='lat' dir='ltr'>agam)</span> <span class='ocrx_word' id='word_1_349' title='bbox 819 3886 896 3929; x_wconf 80' lang='lat' dir='ltr'>arcte</span> <span class='ocrx_word' id='word_1_350' title='bbox 914 3885 1005 3929; x_wconf 85' lang='lat' dir='ltr'>tenent</span> <span class='ocrx_word' id='word_1_351' title='bbox 1032 3882 1216 3944; x_wconf 87' lang='lat' dir='ltr'>curateque</span> <span class='ocrx_word' id='word_1_352' title='bbox 1240 3872 1338 3942; x_wconf 86' lang='lat' dir='ltr'>deferi-</span> 
     </span>
     <span class='ocr_line' id='line_1_40' title="bbox 291 3957 1337 4036; baseline -0.002 -23"><span class='ocrx_word' id='word_1_353' title='bbox 291 3958 367 4011; x_wconf 79' lang='lat' dir='ltr'>dunt.</span> <span class='ocrx_word' id='word_1_354' title='bbox 402 3957 464 4013; x_wconf 81' lang='lat' dir='ltr'>Mos</span> <span class='ocrx_word' id='word_1_355' title='bbox 484 3979 554 4028; x_wconf 82' lang='lat' dir='ltr'>vero,</span> <span class='ocrx_word' id='word_1_356' title='bbox 573 3982 635 4017; x_wconf 91' lang='lat' dir='ltr'>cum</span> <span class='ocrx_word' id='word_1_357' title='bbox 654 3984 794 4036; x_wconf 87' lang='lat' dir='ltr'>nunquam</span> <span class='ocrx_word' id='word_1_358' title='bbox 814 3963 974 4019; x_wconf 86' lang='lat' dir='ltr'>Ciceronem</span> <span class='ocrx_word' id='word_1_359' title='bbox 993 3963 1028 4016; x_wconf 86' lang='lat' dir='ltr'>ita</span> <span class='ocrx_word' id='word_1_360' title='bbox 1044 3961 1164 4017; x_wconf 85' lang='lat' dir='ltr'>locutum</span> <span class='ocrx_word' id='word_1_361' title='bbox 1182 3977 1238 4012; x_wconf 84' lang='lat' dir='ltr'>esse</span> <span class='ocrx_word' id='word_1_362' title='bbox 1257 3978 1337 4029; x_wconf 87' lang='lat' dir='ltr'>prse-</span> 
     </span>
     <span class='ocr_line' id='line_1_41' title="bbox 262 4048 1338 4122; baseline 0 -21"><span class='ocrx_word' id='word_1_363' title='bbox 262 4066 264 4069; x_wconf 75' lang='grc'>’</span> <span class='ocrx_word' id='word_1_364' title='bbox 291 4059 383 4118; x_wconf 82' lang='lat' dir='ltr'>ceptor</span> <span class='ocrx_word' id='word_1_365' title='bbox 400 4066 461 4099; x_wconf 89' lang='lat' dir='ltr'>eum</span> <span class='ocrx_word' id='word_1_366' title='bbox 479 4048 640 4117; x_wconf 84' lang='lat' dir='ltr'>edocuisset,</span> <span class='ocrx_word' id='word_1_367' title='bbox 658 4055 796 4109; x_wconf 81' lang='lat' dir='ltr'>conticuit.</span> <span class='ocrx_word' id='word_1_368' title='bbox 841 4053 935 4122; x_wconf 84' lang='lat' dir='ltr'>Quare</span> <span class='ocrx_word' id='word_1_369' title='bbox 951 4070 1003 4121; x_wconf 76' lang='lat' dir='ltr'>ego</span> <span class='ocrx_word' id='word_1_370' title='bbox 1021 4049 1137 4119; x_wconf 91' lang='lat' dir='ltr'>denique</span> <span class='ocrx_word' id='word_1_371' title='bbox 1164 4065 1226 4100; x_wconf 86' lang='lat' dir='ltr'>cum</span> <span class='ocrx_word' id='word_1_372' title='bbox 1246 4048 1338 4116; x_wconf 90' lang='lat' dir='ltr'>paucis</span> 
     </span>
     <span class='ocr_line' id='line_1_42' title="bbox 292 4137 1338 4212; baseline 0.002 -25"><span class='ocrx_word' id='word_1_373' title='bbox 292 4155 398 4191; x_wconf 76' lang='lat' dir='ltr'>exorsus</span> <span class='ocrx_word' id='word_1_374' title='bbox 423 4153 509 4189; x_wconf 85' lang='lat' dir='ltr'>meam</span> <span class='ocrx_word' id='word_1_375' title='bbox 533 4137 749 4211; x_wconf 84' lang='lat' dir='ltr'>qualemcunque</span> <span class='ocrx_word' id='word_1_376' title='bbox 777 4141 956 4212; x_wconf 80' lang='lat' dir='ltr'>suspicionem</span> <span class='ocrx_word' id='word_1_377' title='bbox 983 4137 1097 4209; x_wconf 88' lang='lat' dir='ltr'>protuli,</span> <span class='ocrx_word' id='word_1_378' title='bbox 1128 4137 1269 4207; x_wconf 88' lang='lat' dir='ltr'>suasique,</span> <span class='ocrx_word' id='word_1_379' title='bbox 1299 4147 1338 4199; x_wconf 86' lang='lat' dir='ltr'>ut,</span> 
     </span>
     <span class='ocr_line' id='line_1_43' title="bbox 291 4221 1336 4303; baseline 0.001 -26"><span class='ocrx_word' id='word_1_380' title='bbox 291 4223 356 4279; x_wconf 79' lang='lat' dir='ltr'>dum</span> <span class='ocrx_word' id='word_1_381' title='bbox 376 4221 469 4277; x_wconf 77' lang='lat' dir='ltr'>metius</span> <span class='ocrx_word' id='word_1_382' title='bbox 486 4224 549 4293; x_wconf 89' lang='lat' dir='ltr'>quid</span> <span class='ocrx_word' id='word_1_383' title='bbox 578 4226 757 4295; x_wconf 81' lang='lat' dir='ltr'>proferretur,</span> <span class='ocrx_word' id='word_1_384' title='bbox 781 4230 943 4300; x_wconf 71' lang='lat' dir='ltr'>legeremus:</span> <span class='ocrx_word' id='word_1_385' title='bbox 970 4238 1045 4303; x_wconf 75' lang='lat' dir='ltr'>arcte</span> <span class='ocrx_word' id='word_1_386' title='bbox 1068 4237 1159 4279; x_wconf 88' lang='lat' dir='ltr'>tenent</span> <span class='ocrx_word' id='word_1_387' title='bbox 1183 4228 1336 4279; x_wconf 87' lang='lat' dir='ltr'>aeriter·</span> 
     </span>
    </p>
   </div>
   <div class='ocr_carea' id='block_1_7' title="bbox 0 0 1539 4925">
    <p class='ocr_par' dir='ltr' id='par_1_7' title="bbox 0 0 1539 4925">
     <span class='ocr_line' id='line_1_44' title="bbox 0 0 1539 4925; baseline 0 0"><span class='ocrx_word' id='word_1_388' title='bbox 0 0 1539 4925; x_wconf 95' lang='lat' dir='ltr'> </span> 
     </span>
    </p>
   </div>
  </div>
 </body>
</html>
