3059 4925
501 489 695 537 aestuosos
717 489 768 536 vt.
798 490 868 537 cir.
890 486 912 537 1.
1165 464 1240 541 277

188 660 307 702 mentum
327 647 496 702 amicorum?
515 649 564 700 nisi
582 648 667 700 dicas:
697 656 851 717 exspectare
870 646 958 712 avide,
984 658 1063 721 atque
1090 669 1150 702 cum
1178 661 1238 704 voto

188 736 304 807 quodam
321 736 414 788 mortis
432 754 535 787 corum.
581 737 659 787 Certe
679 734 715 786 ris
739 735 822 787 estin
841 736 921 788 verbo
940 732 1109 804 exspectare,
1137 749 1162 791 et
1181 739 1238 790 ior·

187 822 259 876 lassis
277 821 329 876 huc
350 822 427 888 facit,
457 822 528 894 quod
547 823 661 875 Rutilius
687 823 778 893 Lupus
796 823 823 875 in
842 822 1028 876 schematibus
1047 824 1140 879 refert:
1173 830 1237 878 Cum

188 910 345 962 Proculeius
359 909 450 978 filiunt
464 929 543 961 suurn
559 911 726 972 hortaretur,
744 910 876 962 audacter
894 911 926 961 de
935 910 999 980 [suis
1012 911 1089 963 relrus
1103 922 1238 981 sumptum

183 997 307 1067 faceret,
326 995 408 1046 etiarn
426 1015 454 1048 se
473 997 550 1048 vivo:
570 996 704 1067 filiusque
722 998 916 1065 respondisset,
944 1018 997 1050 non
1015 1018 1070 1051 esse
1087 1017 1120 1051 eo
1138 1001 1239 1052 adhor-

188 1084 291 1134 tatione
315 1102 390 1152 opus.
435 1085 495 1134 Non
521 1084 590 1135 enirn
619 1092 828 1151 exspectare
854 1103 882 1135 se
904 1086 995 1154 patris
1020 1096 1145 1137 mortem:
1181 1091 1239 1138 lino

189 1189 264 1227 vero,
280 1171 387 1242 inquit,
407 1190 471 1235 oro,
490 1180 600 1222 mortem
619 1189 703 1222 meam
720 1182 917 1239 exspectes,
937 1191 984 1224 nec
1000 1191 1124 1242 properes
1143 1174 1236 1236 moliri,

189 1269 220 1309 ut
239 1259 354 1310 velocius
373 1259 498 1311 nroriar.“
517 1256 547 1309 C.
565 1258 668 1329 Lang.
706 1258 807 1325 [Lotus
825 1258 908 1313 estin
928 1259 977 1311 Ed.
998 1258 1105 1312 Ruhnt.
1125 1263 1236 1331 pthsq.

190 1344 234 1398 sed
253 1345 342 1397 locum
368 1346 394 1397 in
419 1345 524 1397 brevius
549 1348 678 1399 contraxit
701 1346 839 1418 langius]
885 1346 1008 1415 „Nollem
1034 1346 1078 1400 hic
1102 1346 1239 1401 haesitasse

187 1433 270 1484 virum
289 1430 416 1501 elegantis
434 1434 580 1509 ingenii-et
599 1436 716 1505 peraccis
729 1434 827 1488 iudicii.
863 1438 1028 1504 Exspectare
1047 1444 1238 1485 testamentum

188 1519 285 1573 dicitur
303 1519 345 1572 hic
361 1520 453 1590 utique
471 1520 613 1587 invidiose,
640 1533 670 1575 ut
695 1533 851 1592 exspectare
876 1533 1009 1576 mortem..
1039 1522 1183 1594 Proprium
1211 1522 1238 1575 iu

189 1607 237 1659 hac
256 1625 286 1658 re
306 1607 415 1659 verbum
437 1618 489 1671 est,
520 1608 593 1677 quod
617 1620 747 1678 usurpant
764 1608 798 1660 de
817 1609 862 1673 iis,
888 1609 934 1680 qui
953 1618 1063 1677 optant,
1091 1621 1121 1662 ut
1146 1609 1241 1680 aliquis

190 1695 328 1748 moriatur.
371 1693 479 1748 Terent.
508 1693 621 1765 Adelph.
641 1695 674 1760 V,
687 1698 715 1748 t.
739 1695 807 1761 [au]
850 1694 934 1745 Illum
958 1706 990 1746 ut
1015 1695 1107 1759 vivat,
1132 1705 1239 1765 optant,

188 1799 271 1833 meorn
290 1791 380 1833 autem
399 1791 509 1832 mortem
531 1790 688 1851 exspectant
708 1781 825 1832 scilicet:
851 1793 958 1852 optant,
976 1793 1018 1835 Ιιιι
1043 1782 1150 1835 moriar.
1185 1781 1238 1834 He·

189 1887 251 1938 cyra
270 1867 316 1933 tV,
337 1873 361 1921 2.
381 1869 427 1935 [19
446 1869 497 1939 sq.]

224 1985 258 1995 -
295 1984 331 1994 —
366 1956 433 2007 haec
452 1956 517 2006 milii
533 1974 605 2007 nunc
623 1974 690 2007 cura
707 1968 749 2009 est
768 1975 911 2023 maxumo,
930 1968 962 2010 ut
982 1978 1014 2009 ne
1031 1960 1075 2010 cui
1092 1978 1150 2011 nisu

224 2044 425 2115 Longinquitas
442 2042 544 2095 aetatis
562 2043 662 2107 ohstet,
680 2053 821 2095 mortemve
839 2055 974 2114 exspectet
993 2064 1085 2099 mearn.

189 2131 432 2187 Proculeidictum
452 2128 490 2183 sic
507 2130 597 2183 ertutit
613 2130 742 2197 Quinctil.
769 2131 815 2187 lib.
834 2132 878 2185 1X.
897 2152 920 2187 c.
939 2137 968 2187 4:
998 2139 1063 2186 Cum
1082 2136 1239 2187 Proculeius

190 2229 345 2291 quereretur
364 2220 395 2269 de
407 2219 486 2287 filio,
504 2219 577 2290 quod
592 2219 616 2270 is
634 2230 743 2270 mortem
761 2238 839 2270 suam
858 2230 1034 2289 exspectaret,
1051 2233 1080 2272 et
1089 2222 1135 2273 ille
1154 2223 1240 2274 dixis-

190 2318 246 2372 set,
266 2325 294 2358 se
312 2325 373 2358 vero
392 2325 443 2358 non
461 2315 629 2374 exspectare,
656 2311 755 2374 Immo,
782 2308 887 2378 inquit,
916 2327 980 2379 rogo
997 2320 1141 2378 exspectes.
1174 2310 1240 2377 [Lo-

191 2413 237 2448 cus
255 2406 293 2447 est
312 2394 355 2460 ΙΧ,
372 2395 396 2448 8.
416 2413 441 2465 p.
462 2396 523 2447 819.
542 2393 583 2445 ed.
602 2392 695 2447 Burm.
721 2413 746 2464 p.
767 2397 828 2448 385.
846 2392 870 2465 §.
890 2398 933 2449 68.
958 2392 999 2448 ed.
1022 2393 1136 2462 Gerrh]
1184 2395 1238 2449 Pro

191 2485 242 2538 hoe
260 2482 372 2536 Ovidius
389 2480 452 2535 dixit
469 2481 489 2534 1.
515 2483 623 2535 Metam.
643 2484 728 2551 [148]
775 2483 863 2535 Filius
888 2493 952 2535 onte
982 2482 1050 2533 diem
1066 2482 1172 2551 patrios
1197 2484 1241 2535 in·

192 2573 277 2644 quirit
294 2573 324 2624 in
341 2588 434 2624 annos.
471 2567 519 2623 Sic
536 2569 617 2640 igitur
635 2582 791 2640 exspectare
809 2579 1000 2623 testamentum
1018 2580 1057 2623 est
1075 2580 1183 2641 optare,
1210 2581 1241 2623 ut

192 2659 251 2731 quis
269 2658 412 2712 moriatur:
440 2668 470 2711 ut
487 2668 516 2711 tu
535 2657 708 2711 hereditatem
727 2677 835 2725 cernas,
863 2669 909 2712 aut
938 2657 1055 2729 legatum
1080 2655 1240 2727 promissum

192 2745 369 2817 consequaris.
406 2748 558 2814 Supponere
576 2764 638 2797 vero
658 2755 849 2798 testamentum
873 2757 911 2799 est
934 2756 1119 2801 testamentum
1144 2745 1239 2800 salsum

192 2835 292 2908 fingere
311 2846 336 2888 et
355 2853 405 2906 pro
425 2852 487 2887 vero
506 2834 679 2899 substituere,
698 2834 771 2905 quod
791 2846 829 2887 est
846 2833 1042 2886 falsariorum.“
1061 2832 1240 2887 Graevius.

262 2925 286 2976 si
304 2931 468 2975 testamenta
486 2921 631 2972 arnicorum
649 2932 789 2990 exspectas
815 2921 934 2991 quidem,
957 2931 1040 2991 atque
1063 2920 1118 2987 ipse
1141 2937 1241 2989 suppo·

191 3012 244 3078 nis]
280 3009 328 3075 „iu
348 3008 414 3061 Cod.
432 3008 543 3078 antiquo
562 3007 657 3061 melius
675 3007 805 3078 scriptum
831 3007 895 3060 mihi
913 3008 1016 3061 ridetur
1039 3007 1072 3060 ad
1088 3007 1164 3060 hunc
1180 3026 1240 3061 mo-

192 3098 272 3150 dum:
291 3099 322 3149 Si
339 3106 502 3150 testamenta
521 3097 666 3150 amicorum
683 3108 824 3167 exspectas
852 3106 960 3169 atque
979 3107 1012 3147 te
1038 3096 1113 3165 ipse
1141 3114 1240 3165 suppo-

190 3186 241 3239 nis.
286 3185 365 3257 Apud
389 3184 493 3237 Vallum
513 3185 543 3237 L.
561 3184 658 3237 Vtin
690 3184 765 3254 legor
795 3185 819 3236 si
846 3195 1008 3237 testamenta
1032 3185 1176 3236 amicorum
1193 3201 1242 3234 ex-

192 3282 313 3342 spectas,
331 3290 369 3323 ac
387 3290 425 3324 ne
442 3282 634 3341 exspectas
653 3272 803 3344 quidem,
821 3281 905 3343 atque
922 3273 978 3342 ipse
996 3273 1130 3340 supponis.
1168 3271 1240 3323 Haec

189 3359 269 3420 lectio
288 3358 353 3411 mihi
373 3358 505 3413 videretur
524 3359 634 3425 melior,
656 3360 692 3427 si,
713 3360 773 3413 ioco
793 3369 883 3431 atque,
901 3360 949 3411 sed
965 3359 1133 3413 scriberetur.
1169 3362 1242 3428 Sup-

188 3466 286 3516 ponere
304 3459 342 3501 est
360 3447 455 3501 falsum
475 3459 501 3500 et
517 3448 696 3501 adulterinum
715 3448 777 3502 ioco
796 3448 848 3500 veri
867 3447 1011 3512 subiicere3
1030 3456 1060 3498 u't
1079 3465 1163 3517 quum
1182 3445 1242 3516 quis

192 3537 286 3603 matri,
304 3537 408 3590 sublato
426 3534 498 3601 filio,
517 3535 574 3588 eius
591 3535 652 3589 loco
670 3535 769 3601 alium,
797 3546 827 3588 ut
845 3536 880 3588 ita
898 3536 1000 3602 dicam,
1026 3532 1147 3604 reponit,
1178 3550 1242 3602 par-

192 3634 249 3674 tum
268 3641 414 3692 supponere
432 3622 538 3676 dicitur.
576 3621 640 3674 inde
659 3640 806 3691 supponere
824 3632 1015 3674 testamentum
1033 3631 1071 3673 est
1081 3619 1177 3673 salsum
1191 3638 1240 3690 pro

192 3727 255 3761 vero
272 3710 409 3764 subticere.
428 3739 463 3749 —
482 3740 518 3751 -
553 3710 648 3778 Quum
674 3720 892 3763 testamentorum
911 3708 1017 3762 libertas
1034 3719 1114 3773 esset,
1141 3708 1242 3763 multo-

191 3815 252 3849 rum
272 3799 420 3853 amicorum
440 3798 531 3852 haeres
550 3798 588 3851 M.
608 3797 718 3851 Crassus
735 3798 822 3851 sactus
840 3807 890 3850 est:
910 3796 999 3850 multis
1016 3796 1079 3849 item
1099 3805 1242 3850 testamen·

193 3886 225 3938 tis
241 3886 334 3939 haeres
350 3887 502 3957 suppositus
520 3896 573 3952 est,
604 3897 632 3940 ut
650 3897 744 3940 auctor
764 3896 803 3939 est
821 3886 916 3939 Cicero
935 3885 968 3937 de
986 3883 1092 3939 Officiis
1109 3882 1154 3949 ΙΙΙ,
1174 3883 1240 3949 [ts]

192 3977 224 4025 L.
245 3976 361 4026 Minucii
383 3975 486 4042 Basili,
506 3971 646 4045 locupletis
665 3977 786 4038 hominis,
802 3976 909 4048 falsum
928 3983 1118 4026 testcnuntum
1132 3973 1242 4042 quidam

191 4081 205 4113 e
223 4063 337 4115 Graecia
347 4066 467 4115 'Romam
479 4064 653 4116 attulerunt:
673 4066 746 4138 quod
760 4084 813 4137 quo
825 4064 944 4136 facilius
958 4062 1115 4123 obtinerent,
1130 4059 1243 4125 scripse-

193 4159 258 4200 runt
278 4149 405 4202 haeredes
423 4169 511 4203 secum
529 4155 569 4207 M.
589 4156 715 4207 Crassum
735 4165 765 4206 et.
781 4156 813 4223 Q.
832 4153 1020 4214 Hortensium,
1045 4148 1146 4200 aetatis
1170 4146 1243 4196 eius-

193 4235 252 4286 der'n
271 4234 388 4288 homines
406 4240 615 4305 potentissimos.
650 4243 710 4311 Qui,
730 4262 812 4314 quum
830 4240 901 4292 illud
911 4239 1020 4310 salsum
1032 4234 1242 4302 suspicarentur,
