3059 4925
299 467 350 541 82·
646 490 817 539 esnsnoxs
850 492 1046 543 srorconun.

301 652 448 707 curionem:
468 649 503 716 „i
523 671 545 705 e.
566 662 670 721 urgent.
692 652 751 706 Vid.
772 651 877 706 Schiilz.
897 653 958 706 Lex.
976 653 1063 708 Cios.
1078 664 1172 707 renero.
1192 653 1260 707 Phil.
1272 655 1349 722 1v‚5.

300 742 333 793 de
358 739 437 792 Fiisn.
456 738 503 803 lV,
522 743 568 791 28:
603 749 701 808 urgent
727 750 833 806 tomen,
862 741 931 792 nihil
954 744 1113 801 remilium
1145 759 1205 794 snos
1236 741 1349 794 ibidem:

303 826 390 881 Verbo
408 826 539 877 mordicus
558 830 674 881 lenen!.“
710 825 751 877 Ad
780 828 858 879 verba
885 839 1064 908 accurateque
1094 828 1243 898 defensione
1267 830 1350 901 Wys·

299 914 454 969 senbschius
478 914 506 965 in
531 912 626 966 scholis
648 912 768 966 dictavit:
793 913 879 979 „lllud
908 926 1035 968 accurate
1056 914 1135 969 lsabet
1158 915 1273 987 aliquam
1298 916 1351 968 du·

298 1002 469 1066 linationem,
487 1011 516 1053 ut
535 996 631 1053 Cicero
650 999 760 1053 fortasse
787 1000 864 1054 aliter
882 1002 1016 1073 scripsisse
1041 1003 1185 1057 ridealur.“
1229 1003 1291 1072 Qua
1316 1004 1349 1056 de

300 1109 343 1156 re,
372 1088 444 1160 quod
474 1089 502 1140 in
528 1086 666 1156 specimine
691 1089 815 1159 secundo,
831 1088 1017 1157 Symbolorum
1043 1091 1204 1142 criticorum
1233 1092 1271 1140 nd
1296 1093 1349 1143 Cic.

298 1176 423 1247 (Ulmoe,
444 1178 521 1228 18²8.
540 1178 566 1228 4.
584 1194 609 1245 p.
628 1175 716 1246 deq.)
734 1187 931 1230 commentalus
949 1196 1016 1244 sum,
1036 1196 1097 1230 cum
1119 1197 1174 1230 non
1186 1177 1349 1248 displicuisse

299 1266 417 1319 vidissem
438 1261 589 1327 nonnullis,
608 1262 655 1332 qul
674 1262 707 1313 de
726 1280 755 1314 ea
778 1263 1004 1317 commenlsdons
1024 1262 1152 1317 iudicium
1171 1264 1301 1331 feceruut,
1320 1265 1348 1317 in

298 1356 445 1409 Excursum
467 1361 592 1422 quartum
607 1348 723 1415 conieci,
752 1369 852 1422 eaque,
881 1367 949 1421 quoe
968 1349 1114 1404 adiicienda
1134 1350 1185 1404 visa
1203 1361 1280 1417 sunl,
1300 1350 1348 1404 ad·

300 1444 363 1498 didi.
400 1441 460 1494 Mr.

370 1532 445 1599 Quae
464 1529 529 1580 milri
548 1526 653 1600 quidem
678 1542 728 1576 vox
745 1524 879 1593 pecudum
897 1525 1006 1578 videtur
1024 1528 1106 1594 esse‚]
1133 1526 1200 1579 cod.
1226 1524 1297 1578 Gud.
1315 1526 1348 1578 A.

298 1635 354 1669 esse
372 1615 488 1670 videtur.
530 1615 587 1667 Vox
611 1613 676 1664 milri
694 1612 768 1665 abest
791 1630 805 1663 a
836 1611 904 1666 cod.
924 1612 996 1668 Gud.
1014 1613 1046 1668 Β.
1072 1625 1132 1685 posl
1148 1634 1231 1687 quoe,
1255 1626 1282 1668 ct
1304 1614 1349 1666 in·

299 1707 364 1759 iecla
383 1713 441 1775 posi
459 1703 574 1768 viderur,
594 1712 622 1755 ul
638 1702 666 1754 in
687 1700 769 1756 Drsd.
788 1706 821 1766 43
840 1702 867 1753 in
886 1699 965 1755 Drsd.
983 1707 1008 1757 5.
1027 1701 1107 1773 plane
1124 1703 1210 1767 deest,
1238 1701 1348 1755 essuri·

298 1793 369 1846 bilur
391 1791 518 1860 pecudis;
547 1791 573 1842 in
592 1787 652 1841 Cra.
669 1794 694 1842 2.
714 1800 739 1842 el
756 1789 863 1842 Suerin.
881 1790 946 1840 milri
965 1783 1073 1841 videtur
1090 1809 1145 1841 esso
1154 1810 1165 1850 ‚-
1183 1790 1277 1842 Duisb.
1296 1809 1348 1841 vos

193 1919 198 1924 .
297 1890 329 1929 et
344 1879 483 1947 pecudum.
521 1876 563 1928 Ad
581 1876 737 1929 sementiam
757 1876 791 1929 cf.
801 1876 961 1941 Lael.9‚sas
980 1878 1022 1928 A!
1039 1878 1068 1941 ii,
1087 1877 1134 1946 qui
1142 1876 1346 1944 pecudom'ritu

298 1968 336 2016 od
351 1966 517 2035 voluptatem
536 1965 624 2015 omnio
642 1961 780 2032 referunt,
799 1964 875 2033 louge
900 1963 1079 2022 dissentirem
1096 1962 1133 2015 ib.
1152 1966 1178 2028 (i,
1195 1967 1242 2016 2⁰:
1262 1963 1348 2014 Mults·

296 2055 378 2105 etiam
401 2052 556 2119 voluptates
572 2049 775 2118 [praeponunls]
820 2048 968 2100 Beluorum
995 2049 1044 2101 doc
1069 2050 1175 2120 quidem
1199 2060 1345 2102 extremum

296 2152 345 2195 est.
382 2138 424 2191 De
443 2137 522 2189 Finn.
542 2135 573 2200 ΙΙ,
593 2137 639 2189 dd:
659 2135 738 2186 nliud
755 2134 822 2206 quid
838 2135 985 2188 dominis
1003 2153 1134 2189 summum
1159 2137 1254 2190 bonum
1270 2157 1347 2208 repe-

297 2223 416 2280 riendum
434 2235 489 2275 esi:
509 2224 675 2292 voluptatem
696 2222 825 2275 bestiis
843 2225 1027 2280 concedamus.
1045 2225 1105 2278 Mr.

370 2316 427 2376 Tu,
446 2327 528 2381 quum
555 2310 604 2361 tibi
620 2309 678 2361 'dive
697 2310 775 2374 deus,
795 2311 851 2360 sive
870 2322 955 2363 motet
973 2315 1019 2381 -]
1048 2313 1115 2368 cod.
1135 2314 1184 2367 01.
1203 2334 1231 2376 ψ.
1251 2326 1345 2366 tuum

297 2399 355 2453 uli.
393 2398 516 2472 Scriplor
534 2397 600 2451 cod.
620 2400 678 2450 Cra.
691 2402 716 2450 2.
736 2398 807 2449 aliud
828 2399 881 2471 egit
899 2419 960 2453 curn
981 2402 1121 2456 scriberet:
1143 2406 1190 2454 Tu
1211 2404 1344 2475 quidem
1377 2423 1381 2428 ·

297 2504 367 2542 cum
384 2487 452 2542 sibi
470 2488 552 2539 deus
570 2486 634 2537 libi
652 2488 734 2539 deus
753 2497 784 2537 tu
805 2506 864 2538 com
884 2489 933 2540 ribi
951 2490 1006 2542 sive
1026 2491 1106 2554 drus,
1125 2493 1181 2543 sive
1195 2502 1282 2542 morer
1301 2518 1345 2542 -.

297 2577 349 2631 Sed
369 2576 418 2629 alia
438 2592 533 2628 manus
552 2576 635 2628 rubro
652 2575 745 2628 colore
753 2575 847 2629 delevit
858 2592 935 2630 voces
949 2589 1051 2648 sepiem
1066 2578 1175 2649 priores.
1200 2576 1345 2629 Moxidern

297 2665 399 2718 exhibet
416 2674 519 2715 notura
535 2663 650 2714 omnium
668 2680 755 2715 rerum
775 2682 837 2716 curn
856 2662 927 2718 Gud.
947 2668 980 2717 A.
1018 2666 1119 2717 Vocem
1138 2662 1344 2731 omniumiomit·

296 2751 327 2806 tis
344 2748 446 2816 Ox.E.,
466 2749 537 2821 quod
557 2749 641 2802 mullo
662 2750 755 2803 melius
773 2762 811 2804 est
829 2750 873 2803 illa
894 2748 1084 2804 vocabulorum
1104 2750 1283 2803 conlusione.'
1301 2751 1345 2803 Ad

298 2825 388 2892 vocem
407 2846 494 2888 nsoter
512 2835 573 2891 Ald.
591 2835 697 2890 Manat.
716 2837 801 2903 lianc,
821 2839 890 2908 piam
911 2837 1026 2903 scilicet,
1052 2835 1252 2890 annotationem
1270 2836 1345 2893 adic-

297 2926 347 2978 cit:
365 2923 537 2995 „Aliquando
555 2928 697 2977 noverca.“
715 2954 748 2964 -
788 2925 873 2979 Cndd.
893 2924 958 2978 On.
976 2925 1008 2978 E.
1027 2925 1059 2978 N.
1077 2923 1111 2977 U.
1137 2924 1210 2974 dedit
1229 2943 1280 2995 pro
1299 2925 1347 2975 ds-

297 3013 380 3076 derit,
398 3011 491 3064 Dnisb.
512 3012 651 3065 dederunt.
688 3012 754 3064 eod.
775 3011 834 3064 Cra.
854 3015 994 3065 2:11ilsi1
1013 3012 1146 3078 divinius,
1164 3030 1215 3083 pro
1234 3032 1344 3084 neque

297 3100 422 3156 divinius.
459 3094 509 3151 Os.
528 3115 551 3150 o.
569 3108 597 3150 el
613 3097 685 3153 Gud.
703 3099 733 3152 B.
760 3111 843 3171 atque
871 3118 920 3172 pro
940 3118 1042 3172 neque‚·
1070 3098 1142 3152 Gud.
1163 3098 1195 3152 A.
1212 3098 1244 3152 Β.
1264 3099 1344 3152 omit-

295 3198 355 3241 tunt
373 3198 415 3238 est
436 3198 495 3257 post
513 3186 597 3252 nihil,
617 3184 692 3257 prior
710 3187 776 3240 duas
794 3207 871 3241 voces
890 3180 973 3260 neque
992 3181 1118 3239 divinius.
1137 3184 1196 3238 Mr.

366 3275 421 3325 sive
439 3274 519 3339 deus,
544 3272 600 3325 sive
618 3301 652 3312 -
673 3277 789 3341 notura]
813 3276 896 3328 Recte
925 3287 1017 3329 mone!
1042 3274 1123 3346 Borg.
1152 3294 1168 3326 e
1189 3273 1343 3327 Stoicorum

296 3358 434 3430 disciplina
454 3360 531 3411 deum
549 3360 631 3414 modo
651 3363 791 3425 mondum,
807 3363 890 3416 modo
907 3373 1036 3415 notorem
1046 3362 1193 3415 nominari:
1211 3359 1343 3415 eollfiat.

295 3469 331 3502 m.
351 3450 395 3514 1²,
413 3450 463 3501 θῦε
488 3464 599 3517 cumque
616 3448 716 3499 homini
733 3449 789 3499 sios
807 3461 909 3501 notura
929 3452 984 3501 sive
1002 3451 1064 3522 quis
1089 3451 1153 3517 deus
1172 3448 1241 3500 nihil
1258 3458 1343 3498 mente

292 3533 486 3606 praestabilius
505 3533 634 3595 dedisset,
653 3535 717 3586 duic
734 3537 825 3588 divino
843 3538 945 3589 muneri
962 3537 1031 3589 nihil
1053 3554 1110 3588 esse
1127 3547 1183 3588 tom
1199 3536 1345 3597 inimicum,

295 3642 376 3694 quom
395 3621 576 3687 voloplotem,
599 3622 633 3673 de
651 3622 683 3675 N.
702 3623 738 3675 l).
757 3623 777 3689 1,
796 3626 839 3689 14,
858 3627 901 3678 dl.
935 3625 1056 3676 Turneb.
1082 3623 1115 3676 ad
1134 3623 1191 3676 Cic.
1211 3621 1243 3675 ds
1261 3623 1344 3694 Legg,

295 3710 315 3776 l,
336 3713 361 3763 o.
380 3728 406 3779 p.
427 3711 488 3761 54⁶.
507 3706 548 3760 ed.
567 3718 649 3761 noslr.
668 3708 891 3764 Tiedem'snn.
928 3709 998 3781 Syso
1019 3710 1045 3763 d.
1065 3708 1177 3764 Stoiscli.
1195 3708 1294 3762 Philas.
1311 3708 1344 3777 ll.

286 3814 321 3870 'p.
341 3798 394 3848 186
413 3813 472 3865 sqq.
507 3791 528 3845 l.
558 3793 671 3864 laipsii
705 3794 821 3866 Physiol.
856 3796 940 3852 Sloic.
972 3796 991 3863 l,
1010 3801 1036 3851 5.
1062 3815 1090 3867 p.
1116 3798 1276 3849 841—843.
1301 3794 1345 3846 ed.

295 3882 383 3937 Vesal.
401 3881 435 3934 T.
453 3880 498 3935 lv,
533 3879 591 3932 Mr.
669 3880 672 3891 ⁴
1256 3916 1259 3925 .

366 3968 406 4021 sic
438 3977 465 4018 te
491 3969 547 4037 ipse
572 3967 681 4020 obiicias
700 3980 783 4040 atque
810 3971 992 4039 proclamem}
1021 3968 1108 4022 Codd.
1127 3967 1191 4019 On.
1217 3965 1252 4018 U.
1272 3974 1297 4033 q:
1316 3977 1343 4017 te

295 4057 423 4129 ipsum,
442 4070 504 4109 cum
523 4056 603 4109 Drsd.
623 4059 648 4109 5.
667 4054 698 4108 ln
717 4060 775 4110 Cre.
787 4062 811 4110 ².
834 4068 872 4110 ess
889 4059 928 4109 s'ic
946 4069 974 4107 te
991 4057 1098 4108 obiicias
1111 4056 1216 4123 ipsum,·
1238 4049 1298 4106 Cra.
1318 4055 1343 4105 1.

294 4144 333 4196 sic
351 4153 377 4194 te
403 4142 515 4212 ipsum
538 4143 707 4211 proiicies
735 4154 819 4215 atque
844 4155 1011 4213 prosternes,
1037 4161 1099 4196 cuns
1124 4140 1217 4212 glossis
1242 4139 1342 4210 pravis:

294 4244 417 4282 amoveas
435 4239 518 4303 atque
534 4229 660 4298 depones,
676 4246 754 4300 supra
774 4229 836 4292 lin.;
856 4228 951 4284 Cra-3.
970 4229 1067 4282 obicies
1085 4233 1126 4296 (es
1144 4227 1266 4289 mesas).
1302 4225 1343 4278 Ad
