3059 4925
531 466 572 511 nn
599 466 794 515 nnnsnoxon
822 470 843 527 ι,
867 442 900 515 3.
1162 448 1237 525 333
1271 427 1276 438 x

193 643 243 695 que
263 624 425 694 defendunt:
452 624 486 677 ita
516 624 587 677 enim
606 626 656 689 (sic
674 623 737 695 ego)
755 623 851 680 Cicero
880 628 912 679 de
940 639 1092 684 accusatore
1120 632 1236 701 quodam

193 713 242 767 Or.
262 732 310 783 pro
330 711 426 766 Flacco
445 716 487 778 ΙΙ),
507 716 554 765 2Ιι
587 713 693 765 dixerat
717 716 853 766 acriter
880 726 907 765 et
933 716 1114 776 vehementem
1142 720 1236 790 quidni

192 802 269 855 etiam
288 801 387 852 acriter
406 800 544 869 defendere
563 798 663 856 dixerit
706 800 764 853 imo
790 799 852 856 dixit
877 801 904 854 in
924 800 1008 856 Bruto
1026 807 1069 869 8⁰,
1089 809 1156 858 278:
1186 809 1237 856 de-

187 888 335 957 fendere
352 889 531 950 acerrime5
552 888 584 941 ad
603 889 704 942 anm.
718 890 774 953 tt:
793 900 820 940 te
839 890 1043 942 acerrimum
1062 921 1096 929 -
1115 894 1236 965 defen-

191 994 298 1027 sorem
310 976 376 1046 fore
392 975 510 1030 ostendit
516 997 527 1042 ρ
547 988 573 1032 et
588 978 661 1048 quod
681 989 718 1030 est
736 980 764 1031 in
785 978 868 1031 Bruto
888 982 930 1042 22,
951 981 1000 1031 86:
1018 980 1090 1051 qnod
1106 981 1130 1031 is
1147 982 1175 1033 in
1195 983 1236 1033 ‹ti-

192 1063 272 1114 cersdo
289 1064 401 1133 gravior
418 1062 595 1136 acriorque
612 1077 694 1130 esset,
719 1067 833 1135 gravius
850 1076 876 1117 et
897 1068 1075 1120 vehementius
1090 1088 1167 1138 posse
1185 1072 1237 1122 de-

186 1150 307 1220 fendi,
320 1149 437 1209 sociasse
456 1151 644 1222 imputandus
670 1164 709 1208 ost
727 1151 823 1207 Cicero
843 1153 1011 1220 orationem,
1042 1167 1071 1209 ut
1091 1176 1153 1211 cum
1178 1160 1234 1213 voci

188 1238 299 1310 gravior
316 1239 438 1293 consulto
455 1239 621 1311 opposuisset
633 1242 746 1311 gravius
765 1240 840 1296 alteri
859 1242 973 1309 (acrior)
987 1242 1068 1296 alium
1081 1243 1237 1312 (vehemen-
1310 1289 1312 1295 ,

190 1327 254 1396 tius)
271 1328 452 1393 substitueret,
485 1348 567 1399 quam
584 1328 669 1399 ipsam
688 1348 750 1384 cum
769 1330 859 1400 priore
884 1330 912 1382 in
932 1330 1053 1384 oratione
1072 1350 1121 1401 pro
1139 1330 1236 1390 Flacco

191 1415 207 1468 t.
227 1415 244 1472 Ι,
262 1415 390 1468 innuerat.
427 1415 505 1484 Quae
524 1435 587 1471 curn
604 1416 740 1483 dixissem,
767 1416 881 1488 Siquid
910 1417 1083 1483 mutandum,
1107 1419 1236 1489 Wytten-

190 1504 298 1559 bachius
314 1503 491 1575 inquitisum
508 1521 559 1575 ego
573 1503 743 1558 coniecturae
761 1524 827 1577 prae
838 1506 933 1560 ceteris
953 1505 1068 1577 palmam
1087 1506 1236 1562 detulerim.

259 1592 331 1647 Haec
348 1610 399 1662 ego
415 1591 445 1644 in
463 1591 524 1658 itta,
544 1611 626 1663 quem
645 1592 712 1660 dixi,
732 1592 886 1662 prolusione
904 1603 967 1648 ante
985 1591 1033 1646 bos
1050 1593 1166 1647 sedecim
1185 1614 1234 1652 an-

190 1702 238 1735 nos
256 1681 367 1753 scriptu,
395 1678 460 1733 nihii
484 1679 585 1733 addens
601 1699 679 1734 suum
706 1681 805 1753 cuique
831 1680 959 1734 iudicium
987 1679 1101 1732 liberum
1129 1681 1234 1753 reliqui,

189 1769 224 1822 ito
242 1780 346 1828 umen.
364 1778 394 1821 ut
411 1766 488 1821 tacite
506 1780 662 1839 appareret,
682 1788 733 1823 nec
751 1787 826 1822 nunc
843 1787 887 1821 me
904 1768 975 1821 ittius
992 1768 1149 1839 suspicionis
1167 1786 1233 1840 poe-

188 1856 282 1909 nitere.
318 1855 412 1925 Neque
428 1852 523 1923 hodie,
542 1866 572 1909 ut
589 1855 673 1909 fatear
691 1856 764 1928 quod
783 1867 838 1922 est,
858 1875 900 1909 me
919 1856 975 1909 eius
991 1855 1117 1927 poenitet,
1136 1876 1232 1927 quam-

187 1959 269 2013 quam
288 1952 391 1994 mutare
410 1941 555 2014 quicquam
573 1942 600 1995 in
620 1945 748 1997 contextis
767 1942 851 1998 notui.
885 1943 920 1999 Et
938 1944 1056 2014 primum
1066 1944 1175 2015 quidem
1190 1964 1232 1998 me

188 2028 298 2081 advertit
314 2048 460 2082 consensus
486 2028 618 2082 librorum
636 2032 775 2096 omnium,
805 2042 830 2084 et
854 2032 938 2102 magis
956 2032 1033 2085 etiam
1053 2032 1134 2099 tttud,
1159 2034 1234 2105 quod

190 2116 348 2170 vocabulum
366 2128 419 2171 tam
435 2119 577 2184 usitowm,
595 2116 673 2188 qunie
691 2129 730 2171 est
746 2119 856 2184 acriter,
875 2137 929 2172 non
948 2117 1025 2173 focile
1044 2121 1079 2172 ita
1098 2119 1234 2173 obliterari

189 2204 303 2270 potuisse
321 2204 421 2271 credun,
440 2214 469 2257 ut
486 2204 645 2258 vocabulum
663 2225 719 2259 oon
740 2205 814 2258 vaide
832 2205 917 2259 simile
937 2206 966 2258 in
985 2206 1043 2259 eius
1059 2206 1150 2261 locum
1169 2226 1234 2262 suc·

188 2291 283 2344 cedere
309 2291 426 2361 potnerit
456 2290 531 2344 nullo
561 2291 640 2364 piane
666 2292 792 2364 pristinae
817 2291 968 2363 scriptionis
998 2292 1106 2361 vestigio
1130 2292 1234 2348 relicto.

187 2378 292 2432 Deinde
310 2398 372 2434 cum
389 2380 500 2432 verbum
518 2380 676 2445 accurandi,
694 2399 860 2451 quemquam
878 2399 956 2445 roro,
980 2378 1124 2450 aliquando
1143 2389 1231 2434 tamen

188 2466 313 2521 Ciceroni
330 2478 488 2539 usurpatum
504 2468 553 2535 sit,
573 2467 650 2521 vetuti
669 2468 702 2520 de
720 2467 806 2534 loni,
821 2466 864 2534 34,
883 2471 932 2523 58:
951 2469 1045 2520 metius
1062 2486 1231 2521 accuran-
1256 2504 1258 2511 ι

187 2567 259 2621 tur,
277 2575 347 2627 quoe
366 2557 474 2608 consilio
490 2567 633 2627 geruntur,
652 2575 732 2628 qnam
751 2573 821 2628 quoe
839 2556 896 2608 sine
909 2555 1019 2609 consilio
1036 2555 1232 2609 administran-

187 2656 251 2705 tur,·
271 2657 296 2698 et
311 2664 341 2697 ea
361 2644 469 2716 quidem
486 2643 631 2710 sententia,
659 2655 703 2711 ut,
728 2645 802 2715 quod
827 2643 883 2697 fieri
902 2644 1014 2709 dicitur,
1041 2663 1103 2696 cum
1123 2662 1186 2697 cure
1206 2657 1232 2699 et

148 2713 161 2729 Α
186 2731 348 2786 studiosiori
368 2732 487 2795 dicatum
505 2731 562 2784 fieri
583 2752 660 2803 posse
678 2731 784 2798 credas,
803 2731 947 2804 aliquando
965 2732 1044 2786 etiam
1064 2731 1164 2785 dictum
1176 2750 1231 2785 csse

186 2840 202 2873 ιι
220 2819 351 2874 Cicerone
371 2829 499 2871 accurato
514 2819 565 2883 ita,
579 2831 608 2873 ut
629 2833 685 2872 non
703 2819 736 2872 de
755 2819 863 2884 effectu,
881 2819 926 2873 sed
945 2819 978 2872 de
996 2819 1130 2873 voluntate
1149 2828 1228 2888 atque

186 2909 259 2975 nisu,
287 2907 488 2978 intelligendum
507 2925 562 2959 esse
584 2906 710 2960 videatur.
753 2907 893 2978 Denique,
917 2907 937 2960 si
961 2905 1012 2961 hoc
1037 2926 1092 2960 non
1119 2907 1230 2960 suadent

185 2996 236 3049 ioci
255 2994 394 3049 Ciceronis
411 3013 519 3058 omnes,
544 2993 642 3064 quibus
669 3004 818 3046 accuratus
837 3006 862 3046 et
880 3004 1008 3045 accurate
1026 2993 1137 3064 legitur,
1165 2996 1227 3065 qui·

185 3085 317 3155 quesistis
335 3093 397 3136 sunt
415 3081 504 3147 multi,
534 3082 711 3152 patrocinium
736 3093 829 3135 nostro
847 3081 908 3136 loco
926 3079 989 3134 huic
1006 3080 1065 3133 roci
1088 3080 1150 3134 inde
1172 3083 1229 3135 sor-

185 3182 250 3223 tasse
269 3182 355 3241 petus,
375 3182 417 3234 ut,
436 3189 497 3223 cum
518 3169 689 3240 praecesserit
707 3180 782 3221 arcte
800 3180 905 3235 tenent,
925 3169 998 3241 quasi
1018 3169 1074 3222 iere
1094 3170 1229 3223 mordicus

184 3259 312 3324 retinent,
337 3258 371 3311 nd
395 3256 460 3310 ittud
488 3267 632 3319 accurate,
659 3274 688 3310 ex
707 3256 787 3311 totius
806 3257 880 3328 quasi
900 3256 1027 3313 orationis
1047 3256 1138 3309 babitu
1156 3259 1228 3326 εἰρω-

182 3349 259 3415 νικῷ,
277 3345 422 3416 intelligas:
446 3354 496 3410 „ut
511 3344 561 3397 sibi
587 3345 736 3398 videntur.“
783 3343 846 3412 Qua
871 3344 898 3397 in
919 3362 948 3395 re
971 3345 991 3396 si
1011 3343 1053 3396 cui
1072 3342 1105 3395 ad
1125 3361 1228 3396 sermo·

183 3434 224 3486 nis
243 3433 338 3487 comici
357 3431 488 3486 rationem
515 3431 652 3486 accessisse
678 3432 797 3486 videatur
822 3431 966 3498 sententia,
990 3429 1056 3482 nihil
1081 3430 1145 3495 erit,
1173 3449 1227 3501 quo

182 3522 271 3574 minus
287 3521 314 3573 it
332 3519 393 3584 siat,
410 3519 602 3590 impedimenti.
640 3520 673 3573 Et
692 3522 730 3574 sic
747 3539 777 3573 re
796 3539 856 3572 vera
874 3518 978 3573 locutus
995 3528 1098 3571 estnon
1119 3515 1228 3569 Plautus

182 3607 268 3661 solum
286 3607 368 3660 Truc.
385 3605 418 3673 ΙΙ,
436 3610 462 3671 ⁵,
482 3611 532 3659 202
559 3610 628 3657 Bam
651 3625 722 3658 nunc
746 3607 923 3658 malitiam
941 3614 1151 3659 accuratam
1176 3606 1226 3657 mi·

181 3698 221 3748 les
238 3695 357 3746 inveniat
377 3693 456 3752 volo;
483 3693 528 3746 sed
547 3694 626 3747 etiam
643 3694 785 3746 Terentius
811 3692 899 3746 Andr«
915 3691 959 3756 ill,
978 3696 1003 3755 2,
1022 3694 1071 3743 tn:
1097 3691 1172 3742 itane
1190 3721 1224 3730 —

180 3782 291 3832 idoneus
318 3781 377 3832 utin·
401 3779 490 3833 videor
514 3799 583 3844 esse,
612 3799 689 3852 quem
717 3791 774 3831 tam
798 3789 922 3849 aperte
946 3777 1088 3848 follere
1113 3779 1226 3847 incipias

181 3865 271 3919 dotis?
306 3867 407 3918 Saltem
426 3876 600 3918 accurate.
642 3864 699 3918 Iam
718 3886 795 3920 causa
816 3866 885 3919 dicta
911 3876 964 3931 est,
982 3864 1095 3923 iudices:
1120 3865 1165 3920 tat
1183 3866 1226 3917 iu-

181 3955 289 4009 dicium.
326 3953 386 4007 Mn.

598 4071 804 4083 ——-—-—-——a
