3059 4925
492 478 686 554 rannuoxou
704 479 747 524 iv.
776 481 938 527 cinnii.
1173 460 1243 535 163
1342 439 1352 448 ⁵

195 647 227 707 et
263 644 418 710 emissam
452 663 472 707 a
511 652 542 709 te
574 646 735 712 nefariam
769 650 804 711 in
841 665 893 711 me
930 649 1083 713 iniuriam
1116 667 1246 731 semper

196 783 293 848 duxi:
329 785 517 865 pervenisse
541 785 582 849 ad
610 803 662 848 me
688 804 856 867 nunquam
888 789 1018 868 putavi:
1050 788 1112 854 nisi
1149 789 1245 866 forte,

196 939 297 1000 quum
325 923 464 1003 parietes
492 922 718 999 disturbabas,
745 928 802 986 aut
826 940 926 1004 quum
953 924 1044 987 tectis
1071 924 1245 987 sceleratas

195 1057 284 1120 iaces
310 1058 491 1136 inferebas,
526 1075 679 1123 meorum
703 1058 828 1138 aliquid
853 1077 949 1123 ruere
976 1064 1032 1126 aut
1063 1059 1245 1140 deflagrare

196 1194 408 1259 arbitrabare.
475 1194 562 1260 Nihil
601 1213 709 1277 neque
744 1214 855 1261 meum
890 1201 954 1272 est,
992 1215 1099 1278 neque
1136 1196 1246 1260 cuius·
1293 1255 1295 1260 ,

196 1345 310 1408 quam,
347 1330 435 1410 quod
462 1331 605 1409 auferri,
635 1333 725 1413 quod
752 1333 853 1414 eripi,
888 1332 977 1412 quod
1003 1333 1106 1398 amitti
1131 1335 1247 1413 potest.

196 1461 230 1526 Si
265 1463 344 1526 mibi
385 1466 560 1548 eripuisses
596 1466 741 1533 divinam
777 1469 878 1535 animi
913 1469 978 1531 mei
1017 1469 1245 1546 constantiam,

195 1616 287 1664 meas
313 1617 426 1678 curas,
452 1602 596 1682 vigilias,
627 1605 783 1680 consilia,
821 1605 939 1685 quibus
959 1620 1027 1665 ‘res
1054 1604 1184 1683 publica
1214 1608 1246 1670 te

195 1737 389 1802 invitissimo
415 1742 496 1814 stat;
520 1715 550 1803 si
577 1740 674 1805 buius
700 1740 826 1804 aeterni
850 1739 1001 1803 beneticii
1027 1738 1246 1803 immortalem

195 1873 391 1939 memoriam
425 1874 618 1950 delevisses;
659 1876 764 1940 midto
801 1876 900 1939 etiam
933 1874 1058 1953 magis,
1096 1874 1125 1938 si
1157 1874 1248 1940 illam

197 2013 358 2086 mentem,
392 2009 479 2073 unde
505 2010 587 2073 baec
611 2011 748 2074 consilia
775 2015 971 2088 manarunt,
1003 2010 1084 2080 mibi
1107 2011 1247 2091 eripuis·

198 2129 276 2217 ses;¹
290 2150 359 2210 tum
376 2163 445 2250 vego
466 2148 631 2228 accepisse
645 2164 698 2210 me
725 2148 901 2211 confiterer
922 2147 1085 2212 iniuriam.
1139 2146 1203 2211 Sed
1219 2150 1246 2212 si

197 2279 279 2345 baec
291 2300 352 2347 nec
370 2283 483 2359 iecisti,
501 2301 563 2346 uec
578 2283 688 2346 iacere
704 2284 855 2364 potuisti;
874 2283 1014 2347 reditum
1026 2282 1106 2346 mibi
1120 2283 1246 2363 glorio-

105 2500 112 2517 s
198 2433 271 2482 sum
294 2418 414 2484 iniuria
434 2424 488 2486 tua
507 2420 605 2500 dedit,
631 2438 698 2484 non
725 2422 849 2484 exitum
868 2422 1105 2485 calamitosum.
1157 2418 1246 2500 Ergo

198 2570 260 2633 ego
280 2571 412 2636 semper
429 2556 528 2630 civis;
555 2559 587 2619 et
605 2561 673 2619 tum
685 2557 841 2634 maxime,
867 2574 968 2637 quum
982 2573 1092 2621 meam
1107 2557 1247 2619 salutem

198 2694 334 2756 senatus
358 2693 477 2756 exteris
503 2693 708 2771 nationibus,
744 2699 780 2757 ut
799 2693 878 2757 civis
904 2692 1037 2774 optimi,
1077 2708 1247 2756 commen·

200 2827 316 2892 dabat:
350 2834 403 2906 tu,
438 2847 480 2892 ne
507 2847 594 2893 nunc
621 2829 771 2910 quidem:
808 2831 869 2893 nisi
904 2830 1004 2893 torte
1023 2829 1111 2892 idem
1143 2829 1246 2892 bostis

199 2981 271 3028 esse
294 2969 326 3029 et
352 2967 431 3031 civis
458 2972 573 3048 potest.
639 2971 691 3032 An
725 2973 760 3031 tu
796 2967 903 3060 civem
937 2968 979 3030 ab
1010 2965 1105 3029 hoste
1129 2969 1247 3029 natura

199 3120 239 3166 ac
263 3105 356 3181 loco,
388 3121 455 3168 non
478 3106 590 3170 animo
615 3105 777 3186 lactisque
803 3104 997 3183 distinguis?
1050 3100 1194 3166 Caedem
1211 3101 1245 3162 in
1260 3125 1285 3170 rr

199 3239 274 3302 loro
301 3239 421 3304 iecisti:
448 3242 582 3306 armatis
610 3242 791 3306 latronibus
818 3241 939 3321 templa
963 3238 1111 3302 tenuisti:
1135 3235 1246 3321 priva-

197 3379 305 3438 torum
342 3374 479 3454 domos,
517 3376 616 3442 aedes
649 3395 760 3442 sacras
800 3373 980 3438 incendisti.
1045 3370 1111 3436 Gur
1143 3370 1246 3433 hostis

198 3509 391 3592 Spartacus,
423 3512 513 3576 situ
543 3513 647 3577 civis?
699 3475 796 3577 Potes
831 3515 941 3577 autem
978 3526 1050 3574 esse
1088 3512 1122 3572 tu
1156 3506 1246 3583 civis,

198 3649 333 3727 propter
358 3664 457 3727 quem
482 3648 660 3729 aliquando
688 3649 802 3711 civitas
829 3664 898 3710 non
924 3646 1009 3711 fuiti
1051 3649 1082 3707 et
1107 3661 1161 3707 me
1187 3648 1245 3706 tuo

198 3782 332 3845 nominc
358 3785 524 3865 appellas,
545 3803 647 3866 quum
671 3803 786 3850 omnes
814 3801 891 3849 meo
918 3782 1063 3846 discessu
1078 3782 1247 3847 exsulasse

199 3934 269 3980 rem
303 3920 468 4000 publicam
499 3926 636 4003 putent?
688 3924 923 4004 Nunquamne,
956 3922 1059 3985 bomo
1090 3923 1247 3985 amentis·
1336 3938 1339 3957 ·

199 4053 298 4133 nme,
338 4058 369 4117 te
403 4058 668 4139 circumspicies?
702 4076 891 4142 nunquam,
929 4078 990 4123 nec
1024 4058 1102 4139 quid
1135 4059 1246 4130 iacias,

198 4191 442 4274 considerabis,
463 4213 526 4259 nec
555 4200 632 4279 quid
658 4202 817 4282 loquare?
858 4201 970 4265 Nescis
997 4197 1149 4261 exsilium
1174 4211 1246 4256 sce-

893 4341 962 4411 ll*
