3059 4925
302 455 373 527 112
625 480 796 528 rrurnoxr
824 479 1018 530 moruorum.

296 642 386 692 virtue
403 657 539 710 moresque
555 637 688 690 laudandi
704 647 786 701 runt,
817 639 919 691 cuius
943 659 997 692 uon
1022 640 1163 694 laudanda
1189 655 1242 696 εει
1262 647 1348 700 vita.

297 725 376 779 Drsd.
388 728 413 780 3.
432 735 474 777 εει
495 725 563 781 vita,
581 743 651 796 quae
669 724 814 777 laudanda
831 736 881 779 eet.
917 726 998 780 Dred.
1010 731 1034 781 1.
1054 728 1206 785 (tuum.
1221 734 1278 786 eius
1296 754 1348 787 non

298 812 440 864 laudanda
456 822 510 863 ert
528 810 613 864 vita.
650 810 692 864 Ad
711 821 872 864 structuram
892 813 927 867 cl.
942 812 1000 868 Cot.
1017 834 1065 869 m.:
1092 818 1149 869 Nec
1172 820 1223 870 ulli
1245 821 1347 872 artium

298 900 423 970 magistri
439 918 491 950 non
509 898 582 950 beati
595 900 723 968 putandi.
760 898 820 951 Mr.

273 1035 277 1046 ,
367 987 425 1038 ciue
442 1005 496 1037 non
513 986 654 1038 laudanda
673 988 733 1038 vita
749 996 791 1039 εει
799 988 821 1054 ,·]
841 988 925 1052 „Eius
943 1008 998 1042 nou
1018 1003 1057 1045 εει
1072 991 1100 1043 iu
1119 1012 1183 1045 uno.
1220 992 1346 1046 Eiusdem

296 1090 351 1124 εεεε
368 1072 396 1125 in
415 1072 573 1143 quibudam
592 1072 636 1126 elii
655 1076 812 1128 notarunt.“
831 1072 904 1129 Atd.
922 1075 1009 1129 Men.
1045 1079 1164 1131 Verbum
1182 1090 1248 1132 sunt
1267 1081 1348 1134 omit·

296 1161 328 1214 tit
346 1158 396 1213 Or.
413 1178 457 1224 uu,
476 1159 576 1214 habeut
595 1163 653 1215 Cra.
671 1164 696 1214 1.
715 1162 796 1215 Drsd.
813 1165 840 1215 1.
861 1162 1000 1233 fugienda
1016 1174 1058 1218 ert
1076 1166 1152 1230 νίκη
1176 1166 1255 1220 ὓτεά.
1274 1171 1301 1220 4.
1320 1171 1346 1220 5.

296 1248 363 1301 On.
380 1247 411 1301 E.
431 1246 451 1300 Ι.
470 1247 503 1300 U.
522 1268 548 1316 η.
565 1265 595 1310 ψ.
614 1250 672 1302 Gra.
691 1253 716 1301 2.
736 1248 808 1302 Gud.
826 1249 856 1301 B.
874 1250 1014 1319 fugienda
1032 1251 1092 1301 aito
1110 1262 1167 1314 ert,
1195 1270 1259 1305 cum
1278 1253 1346 1306 Edd.

295 1355 353 1408 prc.
369 1335 420 1388 Ed.
437 1354 480 1407 ap.
497 1334 583 1388 Μειεε.
601 1335 670 1406 Vict.
689 1333 774 1388 Suffr.
793 1335 862 1386 Petr.
894 1335 962 1388 Veu.
981 1338 1059 1389 1492.
1079 1340 1158 1391 1514.
1185 1339 1246 1392 Par.
1266 1343 1345 1394 15111.

294 1427 375 1479 1512.
404 1423 489 1493 Lugd.
510 1426 589 1476 1515.
616 1421 682 1491 Arg.
706 1419 786 1475 1515.
811 1419 892 1474 Hdlb.
911 1440 931 1473 ε
950 1420 969 1473 l·
987 1432 1014 1475 ει
1030 1441 1054 1475 a.
1081 1423 1140 1476 Par.
1167 1426 1246 1478 1543.
1276 1424 1345 1478 Rob.

294 1510 387 1580 Steph.
409 1506 486 1563 Cam.
512 1507 573 1562 Ald.
592 1511 671 1562 1548.
708 1507 739 1560 ln
765 1505 834 1562 Edd.
862 1506 922 1561 Αεε.
941 1510 1020 1562 1511.
1044 1520 1071 1563 ει
1088 1510 1149 1564 Par.
1166 1531 1187 1564 ε.
1204 1532 1229 1568 a.
1247 1511 1344 1582 legitur

231 1589 234 1594 ’
289 1599 428 1670 fugienda
445 1607 499 1650 εει
518 1597 586 1650 vita.
616 1594 706 1648 Verba
725 1611 795 1667 quae
813 1593 1005 1648 laudandaert
1025 1595 1119 1651 desunt
1137 1598 1166 1651 in
1179 1599 1246 1651 eod.
1259 1597 1343 1654 Ono.

294 1686 368 1740 Idem
387 1705 450 1739 eum
468 1684 519 1739 Or.
538 1683 559 1737 l.
578 1682 676 1737 omittit
692 1681 831 1754 sequentia
847 1692 917 1734 esset
934 1693 1026 1735 autem
1038 1685 1187 1755 fugienda.
1206 1686 1271 1740 Cod.
1284 1688 1342 1740 Cre.

243 1756 247 1768 Ι
295 1786 321 1829 ει
339 1774 411 1827 Gud2
429 1773 462 1826 Α.
481 1783 612 1845 pergunt:
632 1773 656 1823 εἰ
674 1772 772 1822 misera
790 1781 870 1825 reret.
904 1770 966 1825 Mr.

364 1864 452 1930 Quam
469 1860 502 1912 ab
519 1878 573 1911 rem
591 1856 720 1930 quicquid
735 1867 777 1908 εει
795 1856 959 1925 laudabile,]
979 1856 1046 1910 Cod.
1062 1861 1121 1912 Cra.
1138 1863 1164 1914 3.
1184 1880 1245 1915 cum
1264 1862 1345 1916 Drod.

295 1954 320 2004 5.
339 1949 436 2002 omittit
454 1959 509 2012 εει,
533 1946 606 1999 Gud.
623 1948 655 1999 Α.
680 1943 759 1996 habet
783 1944 920 1994 laudabile
949 1956 999 1997 εει.
1060 1945 1167 1999 Suerin.
1192 1950 1343 2002 Laudabile

292 2047 326 2087 et
350 2037 418 2087 idem
444 2035 565 2095 beatum,
591 2030 649 2082 Cra.
668 2033 693 2081 2.
720 2046 782 2081 cum
807 2027 879 2081 Gud.
898 2028 931 2081 A.
954 2030 1052 2084 omittit
1075 2042 1190 2106 etfante
1217 2033 1343 2098 beatum,-

293 2123 371 2176 buius
390 2122 450 2174 loco
469 2119 537 2171 cod.
555 2116 649 2169 Duirb.
667 2114 746 2169 habet
762 2126 791 2166 et
809 2115 931 2169 bonum
940 2137 950 2178 5
976 2117 1056 2170 Drsd.
1075 2122 1101 2171 5.
1129 2132 1189 2191 post
1206 2121 1344 2175 laudabile

292 2209 381 2281 pergit
397 2208 432 2259 id
449 2205 564 2261 beatum.
584 2203 643 2256 Mr.
679 2204 806 2267 „Florem
819 2203 935 2257 refertur
952 2205 985 2257 ad
999 2207 1168 2273 antecedens,
1187 2208 1233 2261 ubi
1243 2211 1343 2277 florere

294 2297 392 2350 dicitur
410 2294 494 2366 gratia
512 2304 537 2346 et
563 2292 719 2346 auctoritate
745 2290 858 2345 valere.“
877 2293 982 2363 Wytt.
1029 2293 1104 2347 Idem
1129 2294 1162 2348 ad
1191 2296 1270 2348 rerba
1286 2300 1342 2348 Nec

292 2402 354 2438 vera
372 2410 406 2421 —
425 2381 515 2434 videri¹
528 2380 621 2432 debet:
651 2378 716 2445 „Est
738 2377 861 2432 collectio
880 2380 961 2432 totius
978 2382 1145 2451 argumenti,
1174 2402 1243 2455 quae
1262 2384 1340 2456 vulgo

291 2472 395 2526 Graece
414 2471 511 2524 dicitur
529 2465 764 2534 dunreualatuerr,
793 2479 820 2521 ει
846 2468 1038 2539 aquibusdam
1067 2471 1187 2525 redditur
1204 2473 1341 2539 recapitu-

291 2563 373 2611 latio:
392 2559 468 2612 cuiur
485 2556 630 2628 syllogismi
647 2555 691 2610 lric
708 2566 747 2609 εει
764 2573 861 2609 nexus:
881 2556 956 2609 cuius
968 2556 1049 2611 virtus
1067 2577 1209 2630 moresque
1226 2559 1341 2614 leuden-

292 2659 352 2712 tur,
371 2646 427 2698 eius
445 2645 496 2699 vita
516 2642 661 2696 laudanda:
680 2642 754 2714 quod
773 2642 937 2696 laudandum
956 2655 1009 2710 est,
1034 2664 1091 2697 uon
1108 2658 1148 2700 est
1165 2646 1341 2717 fugiendumr

291 2733 363 2805 quod
380 2751 435 2785 nou
453 2730 611 2802 fugiendum
631 2741 682 2796 εει,
702 2748 758 2782 non
777 2740 815 2783 εει
833 2730 971 2782 miserum:
995 2732 1100 2801 rapiens
1122 2731 1271 2788 laudandus
1288 2748 1336 2790 eet:

291 2840 431 2894 ergeuen
450 2831 488 2873 εει
505 2819 612 2871 miser.“
648 2817 708 2871 Mr.

366 2908 458 2961 Viderr'
475 2905 562 2974 debet]
595 2905 658 2973 „sic
676 2925 781 2959 novem.
817 2910 916 2971 Decet,
942 2926 991 2960 εει.
1029 2907 1118 2969 Licet,
1142 2926 1218 2960 unus.
1256 2911 1340 2968 Solet,

290 3015 368 3049 unus.
419 2996 514 3058 Dicet,
538 3013 615 3047 unus.
642 2992 739 3046 male.“
767 2992 840 3045 ΑΜ.
859 2993 989 3048 Meuut.
1041 2996 1155 3060 „Videri
1172 2998 1285 3050 decet:
1304 2999 1340 3052 ita

290 3085 377 3137 maior
393 3102 455 3154 pers
471 3081 602 3136 librorum
630 3080 840 3152 plumariorum:
868 3092 1029 3152 secutusque
1056 3083 1107 3135 suit
1126 3083 1269 3137 Victorius.
1295 3084 1341 3138 alii

289 3169 540 3224 debet.“Gruter.
558 3168 662 3235 „Debet
671 3167 753 3221 edidit
762 3167 879 3239 Longius
890 3167 997 3240 aliique.
1023 3169 1077 3222 Sed
1085 3170 1186 3223 Victor.
1195 3182 1221 3223 et
1229 3171 1336 3226 Gruter.

288 3261 348 3314 edd.
368 3278 430 3313 cum
448 3257 517 3312 Pith.
536 3256 646 3329 aliisque
664 3255 743 3310 Mss.
763 3256 846 3311 decet.
866 3254 944 3320 male,
963 3267 1057 3310 contre
1072 3258 1210 3311 Ciceronis
1224 3276 1338 3312 consue-

288 3359 342 3402 tam
361 3346 490 3418 loquendi
507 3346 666 3399 rationem.“
685 3343 803 3398 Graer.
849 3342 988 3410 „Quidem
1005 3343 1081 3410 libri,
1110 3346 1190 3398 etiarn
1202 3343 1273 3403 ,Edd
1295 3365 1337 3416 pr.

289 3435 435 3506 quaedam,
455 3444 484 3486 ut
502 3433 613 3497 colom,
633 3433 720 3495 decet,
747 3431 821 3503 quod
840 3443 867 3484 et
884 3430 1016 3484 Gruterus
1032 3434 1151 3485 ecrvavit.
1180 3451 1236 3485 non
1256 3433 1333 3488 bene.

288 3522 364 3573 debet
383 3533 421 3575 εει
438 3521 491 3572 iam
509 3520 538 3572 in
554 3519 604 3572 Ed.
624 3519 701 3572 Rom.
722 3520 790 3572 Veu.
810 3522 888 3572 147⁰.
907 3519 1180 3589 beneque-revocavit
1198 3518 1333 3587 Graevius.

286 3608 413 3661 Alienum
433 3618 470 3660 εει
489 3606 522 3660 ab
541 3606 590 3661 bac
609 3606 736 3660 sententia
756 3607 854 3658 decet.⁴‘
873 3606 950 3658 Ern.
987 3606 1111 3659 Tuentur
1128 3606 1271 3663 lectionem
1290 3612 1337 3661 de-

208 3702 215 3719 *
288 3693 332 3745 bat
350 3695 435 3748 codd.
455 3697 513 3747 Cra.
532 3698 557 3749 3.
576 3694 656 3746 Drrd.
675 3697 700 3748 3.
718 3698 744 3747 4.
764 3698 789 3748 5.
809 3692 880 3745 Gud.
899 3692 931 3746 B.
957 3694 1073 3763 (inquo
1099 3705 1188 3746 tomen
1209 3706 1246 3747 εει
1266 3697 1339 3747 decet

243 3807 245 3810 ⁴
288 3779 327 3832 rel
347 3782 435 3850 debet)
453 3780 518 3832 011.
529 3780 560 3831 E.
579 3780 599 3832 l.
618 3779 652 3832 U.
672 3778 743 3832 Gud.
755 3779 788 3832 Α.
807 3779 901 3832 Duisb.
919 3778 988 3832 Edd.
1007 3782 1077 3833 Ven.
1089 3783 1168 3835 1492.
1187 3793 1213 3835 ει
1230 3795 1336 3836 nostrae

287 3886 395 3932 omues,
414 3867 527 3938 exceptis
544 3867 594 3920 Ed.
613 3886 670 3939 prc.
687 3870 767 3921 1465.
788 3868 856 3921 Viet.
873 3866 942 3920 Rob.
956 3866 1048 3938 steph.
1065 3870 1139 3923 Cam.
1158 3867 1235 3921 Grut.
1251 3867 1337 3924 Gron.

287 3956 368 4009 Verb.
414 3954 468 4025 Sed
492 3968 564 4010 errat
591 3954 692 4010 Geruh.
721 3956 812 4011 dicens
837 3956 987 4033 Victorium
1014 3966 1040 4008 et
1066 3954 1214 4008 Gruterum
1240 3953 1339 4010 habere

288 4044 372 4096 docet.
414 4042 461 4097 Εει
478 4054 567 4098 autem
587 4044 661 4096 docet
681 4045 709 4097 in
728 4044 779 4097 Or.
798 4045 830 4097 N.
856 4043 923 4096 (lod.
952 4043 1031 4095 Bern.
1061 4042 1140 4095 habet
1163 4045 1338 4111 expetendum

289 4131 438 4188 videtur.
476 4132 507 4184 ln
525 4131 593 4184 Edd.
611 4132 672 4183 Par.
689 4136 768 4187 1501.
788 4144 814 4185 ει
827 4135 906 4185 1512.
926 4130 1115 4201 compendium
1129 4141 1168 4183 εει
1186 4131 1228 4198 dg.
1255 4130 1337 4198 Quod

287 4238 350 4272 vero
369 4217 532 4273 Goerenaiue
550 4219 583 4272 ad
603 4216 659 4272 Cic.
679 4219 711 4271 de
730 4219 808 4271 Finn.
828 4220 875 4284 lV,
894 4220 937 4285 11,
957 4220 999 4271 28.
1017 4239 1043 4289 p.
1057 4222 1119 4273 455.
1139 4218 1219 4273 scribi
1236 4218 1338 4271 volebat
