3059 4925
296 463 367 534 170
622 484 793 531 rnnrnoxn
821 483 1013 530 erorconon.

364 644 520 698 Virtutibus
531 644 642 716 dariique
656 644 783 709 onrnibas,
799 654 831 697 ut
841 644 983 709 moenibus,
997 646 1128 714 saeptae]
1148 644 1215 698 Cod.
1225 646 1340 702 Drsd.5.

293 733 429 787 viribus
448 732 568 804 denique.
610 733 642 784 ln
662 731 795 801 prioribus
814 731 881 785 Cod.
900 730 951 784 Ox.
977 731 1056 785 habet
1081 733 1271 785 contentione
1289 753 1340 805 pro

292 820 516 889 contemptione.
561 818 643 887 Quod
661 818 688 873 h.
706 819 724 874 Ι.
743 819 808 873 dicit
827 820 991 885 virtutibus,
1009 830 1042 872 ut
1059 820 1203 887 moenibus,
1220 833 1341 891 saeptus,

291 927 370 980 supra
389 908 421 959 ΙΙ.
443 925 499 978 prc.
518 905 581 958 dixit
599 916 641 958 tot
659 906 794 958 virtutum
810 907 953 975 praesidio.
999 906 1041 959 Ad
1068 907 1152 961 nostri
1181 906 1235 962 loci
1260 908 1337 960 verba

293 997 398 1051 confert
414 997 496 1066 Borg.
512 994 568 1048 Cic.
588 994 621 1047 de
638 994 718 1047 Finn.
737 992 758 1059 l,
779 996 826 1048 16:
843 995 923 1063 Quod
939 995 964 1046 si
981 996 1029 1066 qui
1047 1023 1082 1034 -
1100 1013 1160 1046 soe
1165 996 1221 1064 pti
1238 1010 1294 1046 etse
1311 1004 1339 1044 et

291 1085 418 1136 muniti
435 1084 561 1136 videntur
568 1103 577 1143 ‚¹
597 1081 630 1137 de
648 1082 705 1134 Pet.
725 1082 807 1134 cons.
824 1085 855 1134 t:
889 1085 926 1133 Ut
944 1110 981 1121 -
999 1083 1075 1133 tomo
1091 1110 1128 1121 -
1145 1081 1228 1133 nullis
1246 1083 1339 1133 amicis

291 1181 436 1240 saeptus
453 1170 582 1222 nominem
594 1197 629 1209 -
642 1169 709 1221 bona
721 1170 921 1222 existimatione
939 1170 1076 1222 monitu
1085 1189 1109 1221 rn
1126 1181 1337 1239 praecurret,-

285 1257 353 1325 fieri
370 1277 422 1309 non
437 1266 536 1325 potest.
579 1256 645 1310 Post
670 1266 782 1326 saeptus
807 1255 892 1310 Codd.
920 1257 1000 1310 Drsd.
1018 1261 1042 1310 1.
1061 1261 1226 1329 &pergunt
1248 1277 1338 1310 num-

292 1345 376 1416 quid
394 1343 516 1396 rincetur
532 1362 594 1397 curn
612 1343 662 1399 Ed.
681 1344 743 1399 Par.
762 1363 783 1397 s.
802 1364 825 1397 a.
861 1342 983 1415 Sequens
1000 1356 1028 1396 et
1046 1345 1172 1399 omittunt
1190 1347 1248 1397 Cra.
1270 1350 1294 1397 2.
1312 1354 1339 1396 et

291 1431 411 1484 Βαάλ.
447 1430 518 1484 Tum
535 1430 643 1484 Suerin.
658 1441 860 1503 expugnatur.
897 1434 952 1485 Mt.

363 1520 394 1570 N
397 1537 432 1569 eo
450 1521 507 1571 oui
524 1520 639 1590 quidem]
659 1521 769 1590 „Neque
789 1522 887 1572 unns.“
906 1518 979 1574 ΑΜ.
997 1521 1082 1575 Man.
1129 1521 1201 1574 Haec
1219 1530 1258 1573 est
1276 1518 1335 1571 aldi

293 1606 430 1660 annotatio
448 1606 477 1660 in
494 1606 543 1660 Ed.
559 1606 680 1660 Graevii:
700 1607 772 1658 unde
791 1606 876 1661 hausit
894 1606 994 1661 Gernh.
1012 1609 1041 1662 in
1059 1628 1106 1662 sna
1123 1619 1214 1662 annot.
1225 1609 1252 1661 id
1264 1608 1336 1679 quod

290 1695 327 1748 ibi
346 1695 470 1765 legimus:
490 1713 575 1747 unum
594 1693 656 1746 Atdi
675 1693 804 1746 Codieem
822 1693 921 1746 habere
941 1697 1058 1767 Neque
1075 1697 1120 1747 cai
1137 1695 1255 1767 quidem,
1274 1693 1337 1746 reli-

289 1802 358 1853 quos
374 1783 406 1851 (i.
425 1801 447 1835 e.
471 1782 564 1835 decern
591 1780 756 1852 etseptem)
787 1781 910 1835 exhibere
933 1801 992 1834 nee
1017 1783 1072 1835 cui
1096 1784 1209 1855 quidem.
1254 1782 1336 1850 Quod

289 1869 369 1940 plane
383 1869 482 1922 falsum
499 1880 544 1923 est
566 1924 570 1929 ,
585 1869 630 1922 Est
648 1869 720 1921 enim
739 1868 764 1921 h.
783 1868 801 1921 l.
820 1869 847 1922 in
866 1869 915 1923 Ed.
934 1870 1040 1924 Graevii
1057 1890 1127 1923 unas
1145 1890 1174 1922 ex
1190 1868 1243 1922 illis
1260 1888 1337 1922 erro-

290 1959 378 2024 ribus,
399 1977 466 2030 quos
483 1956 554 2011 haud
575 1976 675 2028 paucos
694 1956 774 2009 habet
791 1975 821 2008 ea
840 1957 929 2011 editio.
964 1959 1088 2011 Debebat
1105 1956 1267 2009 esselemma
1286 1975 1336 2007 an-

290 2045 445 2099 notationis:
464 2046 511 2116 qni
528 2062 588 2096 neo
607 2045 657 2096 civ·
676 2044 707 2111 (i.
727 2062 751 2094 e.
768 2042 884 2112 civitate)
903 2045 1024 2116 quidem:
1044 2046 1076 2099 ad
1096 2045 1167 2116 quod
1187 2045 1269 2097 refert
1287 2042 1336 2096 At-

290 2133 351 2198 dus,
370 2150 455 2183 unum
474 2130 571 2189 habere
590 2131 637 2202 qai
654 2149 764 2201 neque
782 2132 894 2183 civitate
911 2135 1029 2204 quidem,
1049 2133 1166 2204 reliquos
1184 2152 1277 2186 omnes
1288 2133 1337 2185 ha·

186 2212 193 2223 ’
289 2219 353 2272 bere
372 2222 419 2291 qai
436 2238 493 2270 nee
510 2220 622 2271 civitate
646 2217 765 2290 quidem,
792 2231 821 2273 ut
838 2220 937 2274 habent
962 2222 1041 2274 etiam
1066 2220 1152 2274 Codd.
1176 2220 1258 2286 Oxx.,
1291 2241 1335 2272 ex-

290 2317 368 2377 cepto
386 2307 437 2373 N„
457 2327 565 2374 omnes,
587 2307 705 2378 itemque
729 2306 810 2360 Drsd.
828 2314 854 2362 2.
872 2314 897 2363 4.
917 2309 987 2362 Gud.
1002 2311 1034 2363 Α.
1054 2310 1085 2363 Β.
1103 2312 1234 2381 (quorum
1251 2310 1333 2380 prior,

290 2394 414 2462 Gudn,
435 2395 533 2449 omittit
551 2394 669 2469 quidem)
688 2407 716 2449 et
732 2395 840 2452 Suerin.
858 2397 934 2451 Alter
956 2410 995 2451 est
1012 2416 1090 2449 error
1106 2399 1135 2449 in
1154 2397 1204 2450 Ed.
1225 2394 1334 2460 Gernh,

289 2505 342 2538 esse
358 2485 424 2539 ittud
441 2504 487 2536 nec
505 2514 541 2527 -
559 2478 666 2556 'quidem
684 2486 713 2538 in
732 2486 800 2539 Edd.
819 2498 879 2541 vett.
898 2486 1024 2539 omnibus
1042 2497 1104 2539 ante
1121 2485 1218 2540 Graes.
1229 2495 1256 2538 et
1272 2484 1336 2536 Ero.

287 2585 393 2644 praeter
420 2592 488 2644 quos
513 2572 615 2626 nuliam
634 2574 683 2626 Ed.
709 2574 807 2628 habere
828 2575 969 2646 suspiceris
992 2594 1024 2626 ne
1042 2604 1077 2613 -
1096 2574 1201 2645 quidem
1225 2592 1255 2624 ex
1279 2572 1335 2623 eius

288 2661 469 2713 annotatione·
514 2661 567 2713 Sed
592 2662 627 2715 ita
647 2662 771 2716 exhibent
789 2664 856 2717 Edd.
876 2665 955 2717 vict·
971 2664 1077 2716 Camer.
1105 2662 1198 2714 bamb,
1222 2661 1334 2713 Lambb.

287 2747 366 2801 Goth.
386 2746 483 2800 Colon.
501 2748 571 2801 And.
608 2750 666 2803 Tal.
684 2750 762 2805 Grut.
781 2751 867 2805 Gron.
886 2763 911 2804 et
929 2771 1004 2822 seqq.
1023 2768 1125 2815 omnes,
1144 2758 1251 2818 excepto
1265 2746 1335 2800 Fac·

287 2836 398 2903 ciolato,
419 2838 494 2890 euius
512 2840 649 2893 annotatio
669 2838 734 2894 haec
753 2851 803 2893 est:
833 2841 922 2909 „Quin
940 2858 973 2890 ne
991 2868 1025 2877 —
1045 2837 1097 2890 Atii
1122 2854 1216 2888 omnes
1242 2834 1335 2905 legunt

286 2927 333 2996 qni
360 2945 400 2982 ne.
446 2925 584 2995 Quoniam
608 2927 635 2979 in
668 2939 727 2981 vett.
751 2927 847 2994 MSS„
876 2927 948 2979 unde
973 2928 1038 2979 haec
1065 2935 1169 2995 sumpta
1190 2932 1266 2988 sunt,
1286 2940 1334 2991 per

286 3033 368 3067 unam
398 3014 508 3067 sortasse
526 3017 693 3087 eandemque
717 3015 831 3069 litteram
856 3036 873 3067 n
899 3015 1042 3068 finiebatur
1059 3032 1105 3065 vox
1124 3012 1214 3082 prior,
1240 3020 1266 3063 et
1289 3011 1335 3061 in-

286 3103 431 3157 choabatur
452 3104 590 3173 posterior,
613 3124 663 3156 nec
681 3104 708 3156 id
728 3104 854 3157 librarius
869 3104 993 3168 advertit,
1017 3101 1081 3155 hinc
1097 3101 1168 3153 sacta
1187 3110 1225 3151 est
1243 3096 1335 3169 perio-

286 3191 334 3243 dus
353 3210 404 3242 una
423 3210 473 3261 pro
491 3190 602 3244 duabus.
648 3194 683 3244 ΑΙ
701 3192 750 3245 nisi
775 3192 878 3263 legatur
896 3193 961 3263 quin
982 3202 1007 3244 et
1028 3208 1095 3242 nova
1114 3187 1160 3240 fiat
1179 3185 1334 3258 propositio,

285 3278 407 3347 inquam
426 3297 456 3329 ea
475 3280 647 3345 conveniant,
677 3300 745 3350 quae
764 3292 930 3352 sequuntur,
957 3298 1013 3331 non
1038 3288 1110 3331 recte
1132 3274 1253 3347 procedit
1271 3293 1333 3328 oro·

284 3366 350 3418 tio.“
369 3394 402 3404 —-
439 3365 497 3419 Mr.
567 3362 569 3366 ¹

356 3455 402 3523 qui
420 3472 452 3504 ne
469 3453 580 3504 civitate
599 3456 704 3525 quidem
720 3456 786 3525 pelli
799 3456 921 3525 potasti]
950 3456 1010 3508 Non
1032 3454 1134 3507 videtur
1152 3450 1332 3504 necessarium

284 3543 399 3594 refutare
416 3540 491 3604 itlos,
522 3542 618 3613 quibus
635 3543 779 3597 Faccioiati
807 3546 957 3598 emendatio
983 3546 1076 3616 (quin)
1106 3541 1211 3613 plaeere
1239 3538 1335 3609 possit:

283 3649 371 3700 neque
390 3629 474 3698 magis
491 3648 544 3696 eos,
565 3631 611 3702 qui
628 3631 699 3703 illud
714 3634 862 3687 multorum
881 3633 1013 3685 librorum
1023 3631 1151 3684 mendum
1164 3629 1211 3699 qai
1228 3645 1285 3678 nec
1297 3654 1331 3663 -

284 3717 389 3787 quidem
407 3717 516 3769 sortasse
541 3719 704 3788 postliminio
727 3723 927 3787 reducendum,
957 3723 976 3773 si
1003 3720 1048 3790 qui
1074 3729 1147 3781 sunt,
1178 3714 1331 3766 existiment.

283 3801 418 3853 Maiumus
436 3803 533 3856 addere
552 3807 754 3878 Wyttenbachii
772 3808 987 3872 annotationem,
1009 3822 1175 3878 quamquam
1194 3821 1249 3853 non
1271 3819 1333 3869 pos·

283 3907 373 3940 sumus
384 3906 444 3940 curn
464 3910 496 3942 eo
509 3891 606 3961 iacere,
626 3914 688 3947 cum
701 3894 831 3966 Scioppio
841 3896 904 3964 (vid.
915 3896 1062 3948 Excursum
1071 3891 1130 3958 Vl.)
1144 3889 1332 3953 contendente,

283 3979 345 4032 inde
364 3998 378 4031 a
399 3979 484 4032 verbis
502 3984 639 4052 Sapientis
658 3986 815 4037 animos-
834 4005 883 4038 nos
895 4003 949 4038 non
969 3984 1066 4055 quarti,
1084 3980 1128 4033 sed
1145 3977 1240 4049 quissib
1257 3976 1333 4029 ⁰⁰3¹*

283 4066 387 4119 initium
407 4066 472 4121 desit
493 4081 521 4123 ut
540 4073 627 4141 quarti
646 4092 708 4143 pars
727 4074 852 4139 maxima,
883 4074 961 4125 verba
982 4084 1007 4125 et
1026 4066 1214 4140 expositionem
1234 4063 1332 4134 legere.

282 4153 320 4207 lta
338 4167 427 4207 autem
445 4155 504 4209 itte:
530 4157 607 4222 „Hoc
627 4161 713 4212 statim
734 4161 873 4214 manifesto
892 4171 930 4214 est
945 4159 1046 4212 indicio
1063 4155 1221 4208 Ciceronem
1240 4163 1332 4206 c⁰⁰¹¹⁸²

283 4241 421 4312 Clodium,
450 4263 538 4315 aquo
558 4244 587 4297 in
607 4246 712 4298 exilium
738 4246 859 4319 expulsus
878 4247 981 4311 iuerat,
1010 4245 1076 4298 ittud
1097 4239 1276 4311 contendere,
1304 4255 1330 4288 se
