<?xml version="1.0" encoding="UTF-8"?>
<!DOCTYPE html PUBLIC "-//W3C//DTD XHTML 1.0 Transitional//EN"
    "http://www.w3.org/TR/xhtml1/DTD/xhtml1-transitional.dtd">
<html xmlns="http://www.w3.org/1999/xhtml" xml:lang="en" lang="en">
 <head>
  <title>
</title>
<meta http-equiv="Content-Type" content="text/html;charset=utf-8" />
  <meta name='ocr-system' content='tesseract 3.04.00' />
  <meta name='ocr-capabilities' content='ocr_page ocr_carea ocr_par ocr_line ocrx_word'/>
</head>
<body>
  <div class='ocr_page' id='page_1' title='image "./paradoxa01wyttgoog_0074.png"; bbox 0 0 3059 4925; ppageno 0'>
   <div class='ocr_carea' id='block_1_1' title="bbox 284 452 1002 531">
    <p class='ocr_par' dir='ltr' id='par_1_1' title="bbox 284 452 1002 531">
     <span class='ocr_line' id='line_1_1' title="bbox 284 452 1002 531; baseline 0.004 -5"><span class='ocrx_word' id='word_1_1' title='bbox 284 452 333 527; x_wconf 83' lang='lat'>28</span> <span class='ocrx_word' id='word_1_2' title='bbox 610 480 783 529; x_wconf 77' lang='lat' dir='ltr'>nananoxa</span> <span class='ocrx_word' id='word_1_3' title='bbox 809 480 1002 531; x_wconf 79' lang='lat' dir='ltr'>sroruonuu.</span> 
     </span>
    </p>
   </div>
   <div class='ocr_carea' id='block_1_2' title="bbox 227 643 1343 4274">
    <p class='ocr_par' dir='ltr' id='par_1_2' title="bbox 227 643 1343 2501">
     <span class='ocr_line' id='line_1_2' title="bbox 227 643 1331 753; baseline 0.003 -42"><span class='ocrx_word' id='word_1_4' title='bbox 227 693 237 701; x_wconf 88' lang='lat'>-</span> <span class='ocrx_word' id='word_1_5' title='bbox 283 648 366 727; x_wconf 88' lang='lat' dir='ltr'>vult,</span> <span class='ocrx_word' id='word_1_6' title='bbox 393 648 466 729; x_wconf 88' lang='lat' dir='ltr'>plus</span> <span class='ocrx_word' id='word_1_7' title='bbox 491 645 579 729; x_wconf 91' lang='lat' dir='ltr'>apnd</span> <span class='ocrx_word' id='word_1_8' title='bbox 604 665 658 713; x_wconf 88' lang='lat' dir='ltr'>me</span> <span class='ocrx_word' id='word_1_9' title='bbox 684 643 827 740; x_wconf 88' lang='lat' dir='ltr'>[tamen]</span> <span class='ocrx_word' id='word_1_10' title='bbox 853 668 933 753; x_wconf 71' lang='lat' dir='ltr'>vera</span> <span class='ocrx_word' id='word_1_11' title='bbox 959 650 1045 714; x_wconf 90' lang='lat' dir='ltr'>ratio</span> <span class='ocrx_word' id='word_1_12' title='bbox 1068 651 1207 728; x_wconf 78' lang='lat' dir='ltr'><strong>valebit,</strong></span> <span class='ocrx_word' id='word_1_13' title='bbox 1231 666 1331 732; x_wconf 88' lang='lat' dir='ltr'>quam</span> 
     </span>
     <span class='ocr_line' id='line_1_3' title="bbox 283 789 1332 871; baseline -0.001 -18"><span class='ocrx_word' id='word_1_14' title='bbox 283 790 372 870; x_wconf 82' lang='lat' dir='ltr'>vulgi</span> <span class='ocrx_word' id='word_1_15' title='bbox 397 789 531 871; x_wconf 84' lang='lat' dir='ltr'>opinio:</span> <span class='ocrx_word' id='word_1_16' title='bbox 560 807 669 871; x_wconf 88' lang='lat' dir='ltr'>neque</span> <span class='ocrx_word' id='word_1_17' title='bbox 698 807 762 870; x_wconf 83' lang='lat' dir='ltr'>ego</span> <span class='ocrx_word' id='word_1_18' title='bbox 788 805 936 871; x_wconf 90' lang='lat' dir='ltr'>unquam</span> <span class='ocrx_word' id='word_1_19' title='bbox 960 790 1051 854; x_wconf 88' lang='lat' dir='ltr'>bona</span> <span class='ocrx_word' id='word_1_20' title='bbox 1072 790 1252 871; x_wconf 83' lang='lat' dir='ltr'><strong>perdidisse</strong></span> <span class='ocrx_word' id='word_1_21' title='bbox 1280 789 1332 852; x_wconf 90' lang='lat' dir='ltr'>di-</span> 
     </span>
     <span class='ocr_line' id='line_1_4' title="bbox 281 929 1330 1012; baseline 0.004 -21"><span class='ocrx_word' id='word_1_22' title='bbox 281 945 373 1006; x_wconf 86' lang='lat' dir='ltr'>oam,</span> <span class='ocrx_word' id='word_1_23' title='bbox 403 929 431 991; x_wconf 91' lang='lat' dir='ltr'>si</span> <span class='ocrx_word' id='word_1_24' title='bbox 467 930 523 1010; x_wconf 90' lang='lat' dir='ltr'>qui</span> <span class='ocrx_word' id='word_1_25' title='bbox 552 947 652 1011; x_wconf 87' lang='lat' dir='ltr'>peous</span> <span class='ocrx_word' id='word_1_26' title='bbox 682 931 738 996; x_wconf 90' lang='lat' dir='ltr'>aut</span> <span class='ocrx_word' id='word_1_27' title='bbox 763 930 1000 1011; x_wconf 81' lang='lat' dir='ltr'>supellectilem</span> <span class='ocrx_word' id='word_1_28' title='bbox 1027 931 1189 995; x_wconf 90' lang='lat' dir='ltr'>amiserit:</span> <span class='ocrx_word' id='word_1_29' title='bbox 1222 948 1330 1012; x_wconf 89' lang='lat' dir='ltr'>neque</span> 
     </span>
     <span class='ocr_line' id='line_1_5' title="bbox 283 1032 1343 1150; baseline 0.006 -23"><span class='ocrx_word' id='word_1_30' title='bbox 283 1080 349 1127; x_wconf 94' lang='lat' dir='ltr'>non</span> <span class='ocrx_word' id='word_1_31' title='bbox 377 1079 477 1144; x_wconf 82' lang='lat' dir='ltr'>saepe</span> <span class='ocrx_word' id='word_1_32' title='bbox 501 1059 647 1130; x_wconf 85' lang='lat' dir='ltr'><strong>laudabo</strong></span> <span class='ocrx_word' id='word_1_33' title='bbox 671 1032 855 1148; x_wconf 76' lang='lat' dir='ltr'>sapientem</span> <span class='ocrx_word' id='word_1_34' title='bbox 880 1067 983 1144; x_wconf 92' lang='lat' dir='ltr'>illum,</span> <span class='ocrx_word' id='word_1_35' title='bbox 1009 1064 1169 1144; x_wconf 90' lang='lat' dir='ltr'>Biantem,</span> <span class='ocrx_word' id='word_1_36' title='bbox 1195 1072 1231 1132; x_wconf 94' lang='lat' dir='ltr'>ut</span> <span class='ocrx_word' id='word_1_37' title='bbox 1257 1068 1343 1150; x_wconf 60' lang='lat' dir='ltr'>opi-⁸</span> 
     </span>
     <span class='ocr_line' id='line_1_6' title="bbox 282 1166 1331 1281; baseline 0.004 -19"><span class='ocrx_word' id='word_1_38' title='bbox 282 1216 362 1277; x_wconf 88' lang='lat' dir='ltr'>nor,</span> <span class='ocrx_word' id='word_1_39' title='bbox 393 1199 450 1280; x_wconf 91' lang='lat' dir='ltr'>qui</span> <span class='ocrx_word' id='word_1_40' title='bbox 475 1201 669 1264; x_wconf 88' lang='lat' dir='ltr'>numeratur</span> <span class='ocrx_word' id='word_1_41' title='bbox 695 1200 729 1263; x_wconf 91' lang='lat' dir='ltr'>in</span> <span class='ocrx_word' id='word_1_42' title='bbox 755 1166 900 1280; x_wconf 75' lang='lat' dir='ltr'>septemz</span> <span class='ocrx_word' id='word_1_43' title='bbox 940 1199 1033 1281; x_wconf 86' lang='lat' dir='ltr'>cujus</span> <span class='ocrx_word' id='word_1_44' title='bbox 1061 1216 1163 1280; x_wconf 87' lang='lat' dir='ltr'>quum</span> <span class='ocrx_word' id='word_1_45' title='bbox 1190 1200 1331 1281; x_wconf 90' lang='lat' dir='ltr'>patriam</span> 
     </span>
     <span class='ocr_line' id='line_1_7' title="bbox 281 1333 1332 1416; baseline 0 -19"><span class='ocrx_word' id='word_1_46' title='bbox 281 1334 423 1398; x_wconf 81' lang='lat' dir='ltr'>Prienen</span> <span class='ocrx_word' id='word_1_47' title='bbox 458 1335 596 1416; x_wconf 79' lang='lat' dir='ltr'>cepisset</span> <span class='ocrx_word' id='word_1_48' title='bbox 633 1334 754 1413; x_wconf 86' lang='lat' dir='ltr'>bostis,</span> <span class='ocrx_word' id='word_1_49' title='bbox 788 1333 955 1414; x_wconf 82' lang='lat' dir='ltr'>ceterique</span> <span class='ocrx_word' id='word_1_50' title='bbox 993 1334 1040 1397; x_wconf 92' lang='lat' dir='ltr'>ita</span> <span class='ocrx_word' id='word_1_51' title='bbox 1083 1334 1250 1414; x_wconf 81' lang='lat' dir='ltr'>lugerent,</span> <span class='ocrx_word' id='word_1_52' title='bbox 1296 1338 1332 1397; x_wconf 91' lang='lat' dir='ltr'>ut</span> 
     </span>
     <span class='ocr_line' id='line_1_8' title="bbox 282 1439 1334 1551; baseline 0.001 -19"><span class='ocrx_word' id='word_1_53' title='bbox 282 1470 386 1534; x_wconf 88' lang='lat' dir='ltr'>multa</span> <span class='ocrx_word' id='word_1_54' title='bbox 410 1468 452 1534; x_wconf 88' lang='lat' dir='ltr'>de</span> <span class='ocrx_word' id='word_1_55' title='bbox 477 1469 544 1534; x_wconf 86' lang='lat' dir='ltr'>suis</span> <span class='ocrx_word' id='word_1_56' title='bbox 569 1470 669 1534; x_wconf 89' lang='lat' dir='ltr'>rebus</span> <span class='ocrx_word' id='word_1_57' title='bbox 703 1485 817 1534; x_wconf 83' lang='lat' dir='ltr'>seeum</span> <span class='ocrx_word' id='word_1_58' title='bbox 850 1471 1075 1551; x_wconf 77' lang='lat' dir='ltr'>asportarent,</span> <span class='ocrx_word' id='word_1_59' title='bbox 1108 1485 1210 1551; x_wconf 88' lang='lat' dir='ltr'>quum</span> <span class='ocrx_word' id='word_1_60' title='bbox 1247 1439 1334 1534; x_wconf 79' lang='lat' dir='ltr'>esset</span> 
     </span>
     <span class='ocr_line' id='line_1_9' title="bbox 282 1600 1334 1693; baseline 0 -24"><span class='ocrx_word' id='word_1_61' title='bbox 282 1604 470 1670; x_wconf 84' lang='lat' dir='ltr'>admonitus</span> <span class='ocrx_word' id='word_1_62' title='bbox 496 1622 517 1670; x_wconf 86' lang='lat' dir='ltr'>a</span> <span class='ocrx_word' id='word_1_63' title='bbox 538 1605 693 1685; x_wconf 87' lang='lat' dir='ltr'>quodam,</span> <span class='ocrx_word' id='word_1_64' title='bbox 718 1609 756 1669; x_wconf 90' lang='lat' dir='ltr'>ut</span> <span class='ocrx_word' id='word_1_65' title='bbox 771 1605 861 1670; x_wconf 86' lang='lat' dir='ltr'>idem</span> <span class='ocrx_word' id='word_1_66' title='bbox 875 1605 946 1688; x_wconf 89' lang='lat' dir='ltr'>ipse</span> <span class='ocrx_word' id='word_1_67' title='bbox 964 1604 1107 1669; x_wconf 82' lang='lat' dir='ltr'>laceret:</span> <span class='ocrx_word' id='word_1_68' title='bbox 1131 1600 1213 1693; x_wconf 88' lang='lat' dir='ltr'>Ego</span> <span class='ocrx_word' id='word_1_69' title='bbox 1234 1624 1334 1686; x_wconf 82' lang='lat' dir='ltr'>vero,</span> 
     </span>
     <span class='ocr_line' id='line_1_10' title="bbox 284 1735 1334 1827; baseline 0.001 -23"><span class='ocrx_word' id='word_1_70' title='bbox 284 1740 398 1820; x_wconf 87' lang='lat' dir='ltr'>iuquit,</span> <span class='ocrx_word' id='word_1_71' title='bbox 421 1735 551 1825; x_wconf 75' lang='lat' dir='ltr'>socio:</span> <span class='ocrx_word' id='word_1_72' title='bbox 577 1761 665 1806; x_wconf 82' lang='lat' dir='ltr'>nam</span> <span class='ocrx_word' id='word_1_73' title='bbox 686 1736 812 1806; x_wconf 80' lang='lat' dir='ltr'>brunia</span> <span class='ocrx_word' id='word_1_74' title='bbox 837 1759 979 1806; x_wconf 83' lang='lat' dir='ltr'>mecum</span> <span class='ocrx_word' id='word_1_75' title='bbox 1001 1748 1114 1827; x_wconf 82' lang='lat' dir='ltr'>porto</span> <span class='ocrx_word' id='word_1_76' title='bbox 1131 1760 1224 1816; x_wconf 84' lang='lat' dir='ltr'>meo.</span> <span class='ocrx_word' id='word_1_77' title='bbox 1275 1741 1334 1805; x_wconf 86' lang='lat' dir='ltr'>llle</span> 
     </span>
     <span class='ocr_line' id='line_1_11' title="bbox 283 1872 1334 1955; baseline -0.005 -12"><span class='ocrx_word' id='word_1_78' title='bbox 283 1877 367 1944; x_wconf 88' lang='lat' dir='ltr'>baeo</span> <span class='ocrx_word' id='word_1_79' title='bbox 391 1876 534 1942; x_wconf 89' lang='lat' dir='ltr'>ludibria</span> <span class='ocrx_word' id='word_1_80' title='bbox 558 1875 712 1944; x_wconf 82' lang='lat' dir='ltr'>tortunae</span> <span class='ocrx_word' id='word_1_81' title='bbox 738 1892 781 1939; x_wconf 86' lang='lat' dir='ltr'>ne</span> <span class='ocrx_word' id='word_1_82' title='bbox 815 1890 876 1937; x_wconf 90' lang='lat' dir='ltr'>sua</span> <span class='ocrx_word' id='word_1_83' title='bbox 903 1873 1035 1954; x_wconf 88' lang='lat' dir='ltr'>quidem</span> <span class='ocrx_word' id='word_1_84' title='bbox 1071 1872 1213 1955; x_wconf 88' lang='lat' dir='ltr'>putavit,</span> <span class='ocrx_word' id='word_1_85' title='bbox 1249 1889 1334 1952; x_wconf 89' lang='lat' dir='ltr'>quae</span> 
     </span>
     <span class='ocr_line' id='line_1_12' title="bbox 283 2005 1332 2095; baseline 0.001 -19"><span class='ocrx_word' id='word_1_86' title='bbox 283 2029 346 2077; x_wconf 89' lang='lat' dir='ltr'>nos</span> <span class='ocrx_word' id='word_1_87' title='bbox 371 2014 576 2095; x_wconf 87' lang='lat' dir='ltr'>appellamus</span> <span class='ocrx_word' id='word_1_88' title='bbox 601 2012 700 2076; x_wconf 87' lang='lat' dir='ltr'>etiam</span> <span class='ocrx_word' id='word_1_89' title='bbox 725 2010 826 2074; x_wconf 89' lang='lat' dir='ltr'>bona.</span> <span class='ocrx_word' id='word_1_90' title='bbox 879 2005 968 2085; x_wconf 86' lang='lat' dir='ltr'>Quid</span> <span class='ocrx_word' id='word_1_91' title='bbox 992 2011 1042 2072; x_wconf 88' lang='lat' dir='ltr'>est</span> <span class='ocrx_word' id='word_1_92' title='bbox 1077 2008 1192 2090; x_wconf 84' lang='lat' dir='ltr'>igitur,</span> <span class='ocrx_word' id='word_1_93' title='bbox 1228 2028 1332 2091; x_wconf 83' lang='lat' dir='ltr'>quae-</span> 
     </span>
     <span class='ocr_line' id='line_1_13' title="bbox 283 2143 1333 2227; baseline -0.001 -15"><span class='ocrx_word' id='word_1_94' title='bbox 283 2150 334 2212; x_wconf 87' lang='lat' dir='ltr'>ret</span> <span class='ocrx_word' id='word_1_95' title='bbox 359 2147 493 2227; x_wconf 88' lang='lat' dir='ltr'>aliquis,</span> <span class='ocrx_word' id='word_1_96' title='bbox 520 2147 670 2218; x_wconf 80' lang='lat' dir='ltr'>bonum?</span> <span class='ocrx_word' id='word_1_97' title='bbox 722 2144 757 2210; x_wconf 89' lang='lat' dir='ltr'>Si</span> <span class='ocrx_word' id='word_1_98' title='bbox 790 2143 871 2225; x_wconf 79' lang='lat' dir='ltr'>quid</span> <span class='ocrx_word' id='word_1_99' title='bbox 897 2146 986 2210; x_wconf 84' lang='lat' dir='ltr'>reete</span> <span class='ocrx_word' id='word_1_100' title='bbox 1008 2146 1044 2209; x_wconf 85' lang='lat' dir='ltr'>iit</span> <span class='ocrx_word' id='word_1_101' title='bbox 1077 2149 1110 2208; x_wconf 90' lang='lat' dir='ltr'>et</span> <span class='ocrx_word' id='word_1_102' title='bbox 1138 2146 1276 2211; x_wconf 83' lang='lat' dir='ltr'>honeste</span> <span class='ocrx_word' id='word_1_103' title='bbox 1301 2151 1333 2211; x_wconf 85' lang='lat' dir='ltr'>et</span> 
     </span>
     <span class='ocr_line' id='line_1_14' title="bbox 282 2281 1335 2363; baseline -0.002 -13"><span class='ocrx_word' id='word_1_104' title='bbox 282 2300 360 2350; x_wconf 87' lang='lat' dir='ltr'>oum</span> <span class='ocrx_word' id='word_1_105' title='bbox 375 2283 504 2363; x_wconf 83' lang='lat' dir='ltr'>virtute,</span> <span class='ocrx_word' id='word_1_106' title='bbox 529 2283 563 2348; x_wconf 89' lang='lat' dir='ltr'>id</span> <span class='ocrx_word' id='word_1_107' title='bbox 583 2284 669 2348; x_wconf 90' lang='lat' dir='ltr'>bene</span> <span class='ocrx_word' id='word_1_108' title='bbox 686 2282 759 2350; x_wconf 88' lang='lat' dir='ltr'>tieri</span> <span class='ocrx_word' id='word_1_109' title='bbox 778 2299 857 2346; x_wconf 85' lang='lat' dir='ltr'>vere</span> <span class='ocrx_word' id='word_1_110' title='bbox 874 2281 1008 2345; x_wconf 83' lang='lat' dir='ltr'>dieitur:</span> <span class='ocrx_word' id='word_1_111' title='bbox 1034 2284 1076 2361; x_wconf 86' lang='lat' dir='ltr'>et,</span> <span class='ocrx_word' id='word_1_112' title='bbox 1100 2283 1189 2363; x_wconf 86' lang='lat' dir='ltr'>quod</span> <span class='ocrx_word' id='word_1_113' title='bbox 1209 2285 1335 2348; x_wconf 83' lang='lat' dir='ltr'>rectum</span> 
     </span>
     <span class='ocr_line' id='line_1_15' title="bbox 284 2391 1335 2501; baseline 0 -15"><span class='ocrx_word' id='word_1_114' title='bbox 284 2424 317 2486; x_wconf 87' lang='lat' dir='ltr'>et</span> <span class='ocrx_word' id='word_1_115' title='bbox 340 2420 516 2486; x_wconf 88' lang='lat' dir='ltr'>honestum</span> <span class='ocrx_word' id='word_1_116' title='bbox 543 2423 575 2485; x_wconf 84' lang='lat' dir='ltr'>et</span> <span class='ocrx_word' id='word_1_117' title='bbox 600 2436 676 2484; x_wconf 92' lang='lat' dir='ltr'>oum</span> <span class='ocrx_word' id='word_1_118' title='bbox 701 2419 820 2484; x_wconf 86' lang='lat' dir='ltr'>virtute</span> <span class='ocrx_word' id='word_1_119' title='bbox 846 2421 912 2498; x_wconf 85' lang='lat' dir='ltr'>est,</span> <span class='ocrx_word' id='word_1_120' title='bbox 937 2415 1106 2482; x_wconf 76' lang='lat' dir='ltr'>insolam</span> <span class='ocrx_word' id='word_1_121' title='bbox 1130 2419 1251 2501; x_wconf 89' lang='lat' dir='ltr'>opinor</span> <span class='ocrx_word' id='word_1_122' title='bbox 1271 2391 1335 2486; x_wconf 64' lang='lat' dir='ltr'>boss</span> 
     </span>
    </p>

    <p class='ocr_par' dir='ltr' id='par_1_3' title="bbox 235 2554 1336 4274">
     <span class='ocr_line' id='line_1_16' title="bbox 235 2554 1334 2638; baseline 0.004 -23"><span class='ocrx_word' id='word_1_123' title='bbox 235 2569 372 2623; x_wconf 71' lang='lat' dir='ltr'>renum.</span> <span class='ocrx_word' id='word_1_124' title='bbox 425 2554 490 2621; x_wconf 89' lang='lat' dir='ltr'>Sed</span> <span class='ocrx_word' id='word_1_125' title='bbox 514 2556 598 2621; x_wconf 85' lang='lat' dir='ltr'>haee</span> <span class='ocrx_word' id='word_1_126' title='bbox 623 2557 729 2621; x_wconf 89' lang='lat' dir='ltr'>videri</span> <span class='ocrx_word' id='word_1_127' title='bbox 754 2558 892 2638; x_wconf 79' lang='lat' dir='ltr'>possunt</span> <span class='ocrx_word' id='word_1_128' title='bbox 908 2555 1113 2634; x_wconf 82' lang='lat' dir='ltr'>obscuriora,</span> <span class='ocrx_word' id='word_1_129' title='bbox 1135 2574 1237 2637; x_wconf 85' lang='lat' dir='ltr'>quum</span> <span class='ocrx_word' id='word_1_130' title='bbox 1261 2558 1334 2621; x_wconf 90' lang='lat' dir='ltr'>len-</span> 
     </span>
     <span class='ocr_line' id='line_1_17' title="bbox 285 2688 1335 2774; baseline -0.001 -18"><span class='ocrx_word' id='word_1_131' title='bbox 285 2692 348 2756; x_wconf 90' lang='lat' dir='ltr'>tius</span> <span class='ocrx_word' id='word_1_132' title='bbox 382 2690 603 2771; x_wconf 90' lang='lat' dir='ltr'>disputantur:</span> <span class='ocrx_word' id='word_1_133' title='bbox 654 2692 722 2758; x_wconf 87' lang='lat' dir='ltr'>vita</span> <span class='ocrx_word' id='word_1_134' title='bbox 760 2694 858 2774; x_wconf 85' lang='lat' dir='ltr'>atque</span> <span class='ocrx_word' id='word_1_135' title='bbox 896 2688 992 2757; x_wconf 81' lang='lat' dir='ltr'>laetis</span> <span class='ocrx_word' id='word_1_136' title='bbox 1024 2691 1218 2757; x_wconf 89' lang='lat' dir='ltr'>illustranda</span> <span class='ocrx_word' id='word_1_137' title='bbox 1259 2696 1335 2756; x_wconf 91' lang='lat' dir='ltr'>sunt</span> 
     </span>
     <span class='ocr_line' id='line_1_18' title="bbox 284 2824 1336 2909; baseline 0.003 -20"><span class='ocrx_word' id='word_1_138' title='bbox 284 2841 491 2891; x_wconf 89' lang='lat' dir='ltr'>summorum</span> <span class='ocrx_word' id='word_1_139' title='bbox 516 2825 664 2892; x_wconf 88' lang='lat' dir='ltr'>virorum</span> <span class='ocrx_word' id='word_1_140' title='bbox 684 2826 778 2903; x_wconf 86' lang='lat' dir='ltr'>haee,</span> <span class='ocrx_word' id='word_1_141' title='bbox 805 2840 891 2906; x_wconf 87' lang='lat' dir='ltr'>quae</span> <span class='ocrx_word' id='word_1_142' title='bbox 914 2824 1023 2888; x_wconf 81' lang='lat' dir='ltr'>vorbis</span> <span class='ocrx_word' id='word_1_143' title='bbox 1048 2825 1209 2905; x_wconf 88' lang='lat' dir='ltr'>subtilius,</span> <span class='ocrx_word' id='word_1_144' title='bbox 1235 2845 1336 2909; x_wconf 87' lang='lat' dir='ltr'>quam</span> 
     </span>
     <span class='ocr_line' id='line_1_19' title="bbox 284 2962 1335 3048; baseline -0.001 -15"><span class='ocrx_word' id='word_1_145' title='bbox 284 2968 363 3033; x_wconf 86' lang='lat' dir='ltr'>satis</span> <span class='ocrx_word' id='word_1_146' title='bbox 389 2971 454 3045; x_wconf 84' lang='lat' dir='ltr'>est,</span> <span class='ocrx_word' id='word_1_147' title='bbox 480 2966 638 3048; x_wconf 87' lang='lat' dir='ltr'>disputari</span> <span class='ocrx_word' id='word_1_148' title='bbox 664 2966 826 3033; x_wconf 87' lang='lat' dir='ltr'>videntur.</span> <span class='ocrx_word' id='word_1_149' title='bbox 890 2962 1026 3042; x_wconf 86' lang='lat' dir='ltr'>Quaero</span> <span class='ocrx_word' id='word_1_150' title='bbox 1063 2967 1151 3031; x_wconf 90' lang='lat' dir='ltr'>enim</span> <span class='ocrx_word' id='word_1_151' title='bbox 1183 2986 1204 3034; x_wconf 90' lang='lat' dir='ltr'>a</span> <span class='ocrx_word' id='word_1_152' title='bbox 1230 2969 1335 3048; x_wconf 89' lang='lat' dir='ltr'>vobis,</span> 
     </span>
     <span class='ocr_line' id='line_1_20' title="bbox 285 3100 1336 3201; baseline 0.003 -35"><span class='ocrx_word' id='word_1_153' title='bbox 285 3117 364 3167; x_wconf 92' lang='lat' dir='ltr'>num</span> <span class='ocrx_word' id='word_1_154' title='bbox 399 3102 502 3167; x_wconf 95' lang='lat' dir='ltr'>ullam</span> <span class='ocrx_word' id='word_1_155' title='bbox 537 3103 775 3183; x_wconf 60' lang='lat' dir='ltr'>remotionem</span> <span class='ocrx_word' id='word_1_156' title='bbox 807 3100 962 3169; x_wconf 85' lang='lat' dir='ltr'>babuisse</span> <span class='ocrx_word' id='word_1_157' title='bbox 996 3102 1170 3174; x_wconf 85' lang='lat' dir='ltr'>videantur</span> <span class='ocrx_word' id='word_1_158' title='bbox 1204 3103 1253 3201; x_wconf 58' lang='lat' dir='ltr'>il,</span> <span class='ocrx_word' id='word_1_159' title='bbox 1279 3106 1336 3186; x_wconf 84' lang='lat' dir='ltr'>qui</span> 
     </span>
     <span class='ocr_line' id='line_1_21' title="bbox 284 3237 1335 3320; baseline 0.001 -16"><span class='ocrx_word' id='word_1_160' title='bbox 284 3240 371 3304; x_wconf 91' lang='lat' dir='ltr'>bano</span> <span class='ocrx_word' id='word_1_161' title='bbox 395 3255 466 3301; x_wconf 91' lang='lat' dir='ltr'>rem</span> <span class='ocrx_word' id='word_1_162' title='bbox 492 3239 658 3320; x_wconf 82' lang='lat' dir='ltr'>publicam</span> <span class='ocrx_word' id='word_1_163' title='bbox 681 3243 748 3304; x_wconf 90' lang='lat' dir='ltr'>tam</span> <span class='ocrx_word' id='word_1_164' title='bbox 774 3239 945 3320; x_wconf 84' lang='lat' dir='ltr'>praeclare</span> <span class='ocrx_word' id='word_1_165' title='bbox 968 3237 1139 3303; x_wconf 80' lang='lat' dir='ltr'>fundatam</span> <span class='ocrx_word' id='word_1_166' title='bbox 1161 3240 1258 3305; x_wconf 92' lang='lat' dir='ltr'>nobis</span> <span class='ocrx_word' id='word_1_167' title='bbox 1280 3257 1335 3305; x_wconf 88' lang='lat' dir='ltr'>re·</span> 
     </span>
     <span class='ocr_line' id='line_1_22' title="bbox 284 3371 1334 3454; baseline 0.002 -18"><span class='ocrx_word' id='word_1_168' title='bbox 284 3373 459 3453; x_wconf 88' lang='lat' dir='ltr'>liquerunt,</span> <span class='ocrx_word' id='word_1_169' title='bbox 486 3377 542 3439; x_wconf 90' lang='lat' dir='ltr'>aut</span> <span class='ocrx_word' id='word_1_170' title='bbox 568 3375 642 3439; x_wconf 88' lang='lat' dir='ltr'>auri</span> <span class='ocrx_word' id='word_1_171' title='bbox 668 3378 701 3438; x_wconf 87' lang='lat' dir='ltr'>et</span> <span class='ocrx_word' id='word_1_172' title='bbox 727 3374 854 3454; x_wconf 84' lang='lat' dir='ltr'>argenti</span> <span class='ocrx_word' id='word_1_173' title='bbox 870 3371 914 3437; x_wconf 84' lang='lat' dir='ltr'>ad</span> <span class='ocrx_word' id='word_1_174' title='bbox 933 3373 1115 3451; x_wconf 87' lang='lat' dir='ltr'>avaritiam,</span> <span class='ocrx_word' id='word_1_175' title='bbox 1142 3377 1199 3439; x_wconf 91' lang='lat' dir='ltr'>aut</span> <span class='ocrx_word' id='word_1_176' title='bbox 1219 3391 1334 3441; x_wconf 86' lang='lat' dir='ltr'>amoe-</span> 
     </span>
     <span class='ocr_line' id='line_1_23' title="bbox 285 3508 1335 3590; baseline 0.004 -18"><span class='ocrx_word' id='word_1_177' title='bbox 285 3508 423 3575; x_wconf 87' lang='lat' dir='ltr'>nitatum</span> <span class='ocrx_word' id='word_1_178' title='bbox 448 3509 491 3573; x_wconf 93' lang='lat' dir='ltr'>ad</span> <span class='ocrx_word' id='word_1_179' title='bbox 516 3509 785 3587; x_wconf 70' lang='lat' dir='ltr'>delectationem,</span> <span class='ocrx_word' id='word_1_180' title='bbox 808 3511 864 3575; x_wconf 87' lang='lat' dir='ltr'>aut</span> <span class='ocrx_word' id='word_1_181' title='bbox 889 3509 1098 3590; x_wconf 79' lang='lat' dir='ltr'>supellectilis</span> <span class='ocrx_word' id='word_1_182' title='bbox 1125 3510 1166 3572; x_wconf 91' lang='lat' dir='ltr'>ad</span> <span class='ocrx_word' id='word_1_183' title='bbox 1193 3510 1335 3590; x_wconf 67' lang='lat' dir='ltr'>doliolum,</span> 
     </span>
     <span class='ocr_line' id='line_1_24' title="bbox 285 3644 1334 3744; baseline 0.001 -35"><span class='ocrx_word' id='word_1_184' title='bbox 285 3648 343 3709; x_wconf 90' lang='lat' dir='ltr'>aut</span> <span class='ocrx_word' id='word_1_185' title='bbox 378 3646 551 3727; x_wconf 88' lang='lat' dir='ltr'>epularum</span> <span class='ocrx_word' id='word_1_186' title='bbox 592 3645 634 3711; x_wconf 84' lang='lat' dir='ltr'>ad</span> <span class='ocrx_word' id='word_1_187' title='bbox 675 3645 886 3744; x_wconf 82' lang='lat' dir='ltr'>¹voluptates?</span> <span class='ocrx_word' id='word_1_188' title='bbox 953 3644 1070 3708; x_wconf 92' lang='lat' dir='ltr'>Ponite</span> <span class='ocrx_word' id='word_1_189' title='bbox 1105 3648 1181 3729; x_wconf 85' lang='lat' dir='ltr'>ante</span> <span class='ocrx_word' id='word_1_190' title='bbox 1218 3647 1334 3713; x_wconf 88' lang='lat' dir='ltr'>oeulos</span> 
     </span>
     <span class='ocr_line' id='line_1_25' title="bbox 286 3780 1336 3865; baseline 0 -20"><span class='ocrx_word' id='word_1_191' title='bbox 286 3791 554 3865; x_wconf 82' lang='lat' dir='ltr'>unumquemque</span> <span class='ocrx_word' id='word_1_192' title='bbox 579 3797 703 3861; x_wconf 75' lang='lat' dir='ltr'>regum.</span> <span class='ocrx_word' id='word_1_193' title='bbox 762 3780 867 3845; x_wconf 87' lang='lat' dir='ltr'>Vultis</span> <span class='ocrx_word' id='word_1_194' title='bbox 892 3796 914 3843; x_wconf 89' lang='lat' dir='ltr'>a</span> <span class='ocrx_word' id='word_1_195' title='bbox 937 3780 1104 3845; x_wconf 87' lang='lat' dir='ltr'>Romulo‘l</span> <span class='ocrx_word' id='word_1_196' title='bbox 1138 3783 1235 3846; x_wconf 89' lang='lat' dir='ltr'>vultis</span> <span class='ocrx_word' id='word_1_197' title='bbox 1261 3787 1336 3862; x_wconf 87' lang='lat' dir='ltr'>post</span> 
     </span>
     <span class='ocr_line' id='line_1_26' title="bbox 284 3913 1333 4004; baseline 0.002 -24"><span class='ocrx_word' id='word_1_198' title='bbox 284 3915 423 3980; x_wconf 86' lang='lat' dir='ltr'>liberam</span> <span class='ocrx_word' id='word_1_199' title='bbox 447 3917 620 3998; x_wconf 79' lang='lat' dir='ltr'>civitatem,</span> <span class='ocrx_word' id='word_1_200' title='bbox 645 3916 687 3982; x_wconf 91' lang='lat' dir='ltr'>ab</span> <span class='ocrx_word' id='word_1_201' title='bbox 711 3917 751 3981; x_wconf 88' lang='lat' dir='ltr'>iis</span> <span class='ocrx_word' id='word_1_202' title='bbox 777 3916 867 3998; x_wconf 84' lang='lat' dir='ltr'>ipsis,</span> <span class='ocrx_word' id='word_1_203' title='bbox 891 3917 947 3998; x_wconf 90' lang='lat' dir='ltr'>qui</span> <span class='ocrx_word' id='word_1_204' title='bbox 965 3918 1189 3983; x_wconf 88' lang='lat' dir='ltr'>liberaverunt</span> <span class='ocrx_word' id='word_1_205' title='bbox 1213 3913 1333 4004; x_wconf 73' lang='lat' dir='ltr'>[eamli</span> 
     </span>
     <span class='ocr_line' id='line_1_27' title="bbox 287 4049 1336 4134; baseline 0.003 -17"><span class='ocrx_word' id='word_1_206' title='bbox 287 4049 416 4129; x_wconf 68' lang='lat' dir='ltr'>Quinta</span> <span class='ocrx_word' id='word_1_207' title='bbox 441 4052 574 4117; x_wconf 64' lang='lat' dir='ltr'>undem</span> <span class='ocrx_word' id='word_1_208' title='bbox 601 4053 755 4134; x_wconf 73' lang='lat' dir='ltr'>grauibus</span> <span class='ocrx_word' id='word_1_209' title='bbox 779 4055 938 4123; x_wconf 82' lang='lat' dir='ltr'>Romulus</span> <span class='ocrx_word' id='word_1_210' title='bbox 964 4054 1110 4120; x_wconf 82' lang='lat' dir='ltr'>aseendit</span> <span class='ocrx_word' id='word_1_211' title='bbox 1134 4054 1169 4118; x_wconf 92' lang='lat' dir='ltr'>in</span> <span class='ocrx_word' id='word_1_212' title='bbox 1184 4056 1336 4120; x_wconf 80' lang='lat' dir='ltr'>eaelum?</span> 
     </span>
     <span class='ocr_line' id='line_1_28' title="bbox 286 4188 1336 4274; baseline 0.002 -22"><span class='ocrx_word' id='word_1_213' title='bbox 286 4188 387 4269; x_wconf 83' lang='lat' dir='ltr'>iisne,</span> <span class='ocrx_word' id='word_1_214' title='bbox 414 4206 499 4271; x_wconf 87' lang='lat' dir='ltr'>quae</span> <span class='ocrx_word' id='word_1_215' title='bbox 525 4190 579 4255; x_wconf 89' lang='lat' dir='ltr'>isti</span> <span class='ocrx_word' id='word_1_216' title='bbox 599 4191 688 4256; x_wconf 90' lang='lat' dir='ltr'>bona</span> <span class='ocrx_word' id='word_1_217' title='bbox 712 4193 899 4274; x_wconf 78' lang='lat' dir='ltr'>appellanti</span> <span class='ocrx_word' id='word_1_218' title='bbox 926 4209 970 4256; x_wconf 95' lang='lat' dir='ltr'>an</span> <span class='ocrx_word' id='word_1_219' title='bbox 995 4191 1094 4257; x_wconf 87' lang='lat' dir='ltr'>rebus</span> <span class='ocrx_word' id='word_1_220' title='bbox 1120 4191 1217 4271; x_wconf 80' lang='lat' dir='ltr'>gestis</span> <span class='ocrx_word' id='word_1_221' title='bbox 1238 4194 1336 4271; x_wconf 88' lang='lat' dir='ltr'>atque</span> 
     </span>
    </p>
   </div>
   <div class='ocr_carea' id='block_1_3' title="bbox 0 0 1537 4925">
    <p class='ocr_par' dir='ltr' id='par_1_4' title="bbox 0 0 1537 4925">
     <span class='ocr_line' id='line_1_29' title="bbox 0 0 1537 4925; baseline 0 0"><span class='ocrx_word' id='word_1_222' title='bbox 0 0 1537 4925; x_wconf 95' lang='lat' dir='ltr'> </span> 
     </span>
    </p>
   </div>
  </div>
 </body>
</html>
