<?xml version="1.0" encoding="UTF-8"?>
<!DOCTYPE html PUBLIC "-//W3C//DTD XHTML 1.0 Transitional//EN"
    "http://www.w3.org/TR/xhtml1/DTD/xhtml1-transitional.dtd">
<html xmlns="http://www.w3.org/1999/xhtml" xml:lang="en" lang="en">
 <head>
  <title>
</title>
<meta http-equiv="Content-Type" content="text/html;charset=utf-8" />
  <meta name='ocr-system' content='tesseract 3.04.00' />
  <meta name='ocr-capabilities' content='ocr_page ocr_carea ocr_par ocr_line ocrx_word'/>
</head>
<body>
  <div class='ocr_page' id='page_1' title='image "./paradoxa01wyttgoog_0380.png"; bbox 0 0 3059 4925; ppageno 0'>
   <div class='ocr_carea' id='block_1_1' title="bbox 286 442 928 517">
    <p class='ocr_par' dir='ltr' id='par_1_1' title="bbox 286 442 928 517">
     <span class='ocr_line' id='line_1_1' title="bbox 286 442 928 517; baseline -0.012 0"><span class='ocrx_word' id='word_1_1' title='bbox 286 442 361 517; x_wconf 83' lang='lat'>338</span> <span class='ocrx_word' id='word_1_2' title='bbox 695 463 859 512; x_wconf 76' lang='lat' dir='ltr'>excursus</span> <span class='ocrx_word' id='word_1_3' title='bbox 883 465 928 510; x_wconf 84' lang='grc' dir='ltr'>ιι.</span> 
     </span>
    </p>
   </div>
   <div class='ocr_carea' id='block_1_2' title="bbox 215 621 1359 2531">
    <p class='ocr_par' dir='ltr' id='par_1_2' title="bbox 215 621 1359 1832">
     <span class='ocr_line' id='line_1_2' title="bbox 289 621 1346 696; baseline 0 -16"><span class='ocrx_word' id='word_1_4' title='bbox 289 626 399 681; x_wconf 86' lang='lat' dir='ltr'>debere:</span> <span class='ocrx_word' id='word_1_5' title='bbox 425 624 472 675; x_wconf 83' lang='lat' dir='ltr'>red</span> <span class='ocrx_word' id='word_1_6' title='bbox 490 624 633 676; x_wconf 87' lang='lat' dir='ltr'>dementem</span> <span class='ocrx_word' id='word_1_7' title='bbox 651 633 677 675; x_wconf 82' lang='lat' dir='ltr'>et</span> <span class='ocrx_word' id='word_1_8' title='bbox 696 623 822 676; x_wconf 80' lang='lat' dir='ltr'>incanam</span> <span class='ocrx_word' id='word_1_9' title='bbox 840 621 965 673; x_wconf 77' lang='lat' dir='ltr'><strong><em>addicam</em></strong></span> <span class='ocrx_word' id='word_1_10' title='bbox 991 625 1166 677; x_wconf 81' lang='lat' dir='ltr'>necessariis:</span> <span class='ocrx_word' id='word_1_11' title='bbox 1191 625 1252 696; x_wconf 81' lang='lat' dir='ltr'>quia</span> <span class='ocrx_word' id='word_1_12' title='bbox 1271 626 1346 680; x_wconf 83' lang='lat' dir='ltr'>insa·</span> 
     </span>
     <span class='ocr_line' id='line_1_3' title="bbox 289 706 1346 782; baseline 0 -15"><span class='ocrx_word' id='word_1_13' title='bbox 289 732 386 767; x_wconf 90' lang='lat' dir='ltr'>norum</span> <span class='ocrx_word' id='word_1_14' title='bbox 417 730 482 765; x_wconf 82' lang='lat' dir='ltr'>cura</span> <span class='ocrx_word' id='word_1_15' title='bbox 507 711 540 764; x_wconf 84' lang='lat' dir='ltr'>ad</span> <span class='ocrx_word' id='word_1_16' title='bbox 572 722 682 782; x_wconf 81' lang='lat' dir='ltr'>agnatos</span> <span class='ocrx_word' id='word_1_17' title='bbox 708 711 853 782; x_wconf 68' lang='lat' dir='ltr'>pertineret</span> <span class='ocrx_word' id='word_1_18' title='bbox 871 706 928 763; x_wconf 85' lang='grc' dir='ltr'>ΧΠ.</span> <span class='ocrx_word' id='word_1_19' title='bbox 954 710 1040 763; x_wconf 82' lang='lat' dir='ltr'>Tabb.</span> <span class='ocrx_word' id='word_1_20' title='bbox 1067 711 1150 782; x_wconf 89' lang='lat' dir='ltr'>idque</span> <span class='ocrx_word' id='word_1_21' title='bbox 1173 712 1346 768; x_wconf 76' lang='lat' dir='ltr'>ridebatura</span> 
     </span>
     <span class='ocr_line' id='line_1_4' title="bbox 290 794 1346 873; baseline 0 -18"><span class='ocrx_word' id='word_1_22' title='bbox 290 813 427 873; x_wconf 81' lang='lat' dir='ltr'>praetore,</span> <span class='ocrx_word' id='word_1_23' title='bbox 447 794 994 870; x_wconf 77' lang='lat' dir='ltr'>resteinEpistotisHoratio[1,1‚tttt</span> <span class='ocrx_word' id='word_1_24' title='bbox 1014 799 1076 869; x_wconf 84' lang='lat' dir='ltr'>sq.].</span> <span class='ocrx_word' id='word_1_25' title='bbox 1113 798 1166 851; x_wconf 89' lang='lat' dir='ltr'>Sed</span> <span class='ocrx_word' id='word_1_26' title='bbox 1197 801 1346 856; x_wconf 75' lang='lat' dir='ltr'>cumbere</span> 
     </span>
     <span class='ocr_line' id='line_1_5' title="bbox 290 884 1344 956; baseline 0 -13"><span class='ocrx_word' id='word_1_27' title='bbox 290 890 388 954; x_wconf 88' lang='lat' dir='ltr'>dictio,</span> <span class='ocrx_word' id='word_1_28' title='bbox 407 888 500 944; x_wconf 81' lang='lat' dir='ltr'>rebus,</span> <span class='ocrx_word' id='word_1_29' title='bbox 519 887 546 940; x_wconf 92' lang='lat' dir='ltr'>in</span> <span class='ocrx_word' id='word_1_30' title='bbox 566 887 691 939; x_wconf 90' lang='lat' dir='ltr'>omnibus</span> <span class='ocrx_word' id='word_1_31' title='bbox 709 884 812 956; x_wconf 79' lang='lat' dir='ltr'>legatur</span> <span class='ocrx_word' id='word_1_32' title='bbox 831 885 1038 956; x_wconf 77' lang='lat' dir='ltr'>exemplaribus,</span> <span class='ocrx_word' id='word_1_33' title='bbox 1073 905 1135 938; x_wconf 79' lang='lat' dir='ltr'>vero</span> <span class='ocrx_word' id='word_1_34' title='bbox 1161 886 1272 941; x_wconf 78' lang='lat' dir='ltr'>similius</span> <span class='ocrx_word' id='word_1_35' title='bbox 1297 902 1344 956; x_wconf 87' lang='lat' dir='ltr'>est,</span> 
     </span>
     <span class='ocr_line' id='line_1_6' title="bbox 290 972 1343 1045; baseline 0.002 -17"><span class='ocrx_word' id='word_1_36' title='bbox 290 998 318 1028; x_wconf 80' lang='lat' dir='ltr'>ex</span> <span class='ocrx_word' id='word_1_37' title='bbox 338 975 446 1041; x_wconf 74' lang='lat' dir='ltr'>rTribur,</span> <span class='ocrx_word' id='word_1_38' title='bbox 471 974 511 1027; x_wconf 82' lang='lat' dir='ltr'>vel</span> <span class='ocrx_word' id='word_1_39' title='bbox 530 974 621 1037; x_wconf 83' lang='lat' dir='ltr'>ribus,</span> <span class='ocrx_word' id='word_1_40' title='bbox 646 974 719 1045; x_wconf 90' lang='lat' dir='ltr'>quod</span> <span class='ocrx_word' id='word_1_41' title='bbox 739 972 961 1037; x_wconf 70' lang='lat' dir='ltr'>curationibus,</span> <span class='ocrx_word' id='word_1_42' title='bbox 986 973 1086 1026; x_wconf 83' lang='lat' dir='ltr'>iactum</span> <span class='ocrx_word' id='word_1_43' title='bbox 1112 992 1167 1026; x_wconf 83' lang='lat' dir='ltr'>esse</span> <span class='ocrx_word' id='word_1_44' title='bbox 1193 973 1287 1042; x_wconf 81' lang='lat' dir='ltr'>rebar,</span> <span class='ocrx_word' id='word_1_45' title='bbox 1313 990 1343 1031; x_wconf 84' lang='lat' dir='ltr'>ut</span> 
     </span>
     <span class='ocr_line' id='line_1_7' title="bbox 290 1061 1343 1133; baseline -0.005 -14"><span class='ocrx_word' id='word_1_46' title='bbox 290 1066 352 1119; x_wconf 86' lang='lat' dir='ltr'>alibi</span> <span class='ocrx_word' id='word_1_47' title='bbox 372 1084 401 1116; x_wconf 80' lang='lat' dir='ltr'>ex</span> <span class='ocrx_word' id='word_1_48' title='bbox 420 1065 476 1133; x_wconf 71' lang='lat' dir='ltr'>spi,</span> <span class='ocrx_word' id='word_1_49' title='bbox 495 1063 521 1115; x_wconf 91' lang='lat' dir='ltr'>id</span> <span class='ocrx_word' id='word_1_50' title='bbox 540 1073 579 1116; x_wconf 81' lang='lat' dir='ltr'>est</span> <span class='ocrx_word' id='word_1_51' title='bbox 596 1063 696 1133; x_wconf 83' lang='lat' dir='ltr'>specie,</span> <span class='ocrx_word' id='word_1_52' title='bbox 714 1081 774 1131; x_wconf 83' lang='lat' dir='ltr'>ape,</span> <span class='ocrx_word' id='word_1_53' title='bbox 793 1082 823 1115; x_wconf 79' lang='lat' dir='ltr'>ex</span> <span class='ocrx_word' id='word_1_54' title='bbox 841 1061 936 1125; x_wconf 68' lang='lat' dir='ltr'>aritia,</span> <span class='ocrx_word' id='word_1_55' title='bbox 954 1061 980 1112; x_wconf 92' lang='lat' dir='ltr'>id</span> <span class='ocrx_word' id='word_1_56' title='bbox 997 1072 1034 1114; x_wconf 84' lang='lat' dir='ltr'>est</span> <span class='ocrx_word' id='word_1_57' title='bbox 1051 1061 1201 1125; x_wconf 83' lang='lat' dir='ltr'>sententia,</span> <span class='ocrx_word' id='word_1_58' title='bbox 1220 1063 1343 1119; x_wconf 84' lang='lat' dir='ltr'>scientia.</span> 
     </span>
     <span class='ocr_line' id='line_1_8' title="bbox 291 1147 1359 1220; baseline 0.001 -17"><span class='ocrx_word' id='word_1_59' title='bbox 291 1153 411 1205; x_wconf 85' lang='lat' dir='ltr'>Verbum</span> <span class='ocrx_word' id='word_1_60' title='bbox 431 1162 519 1204; x_wconf 81' lang='lat' dir='ltr'>autem</span> <span class='ocrx_word' id='word_1_61' title='bbox 537 1150 660 1201; x_wconf 78' lang='lat' dir='ltr'><strong><em>addicam</em></strong></span> <span class='ocrx_word' id='word_1_62' title='bbox 679 1152 769 1202; x_wconf 84' lang='lat' dir='ltr'>nescio</span> <span class='ocrx_word' id='word_1_63' title='bbox 788 1148 926 1220; x_wconf 85' lang='lat' dir='ltr'>quomodo</span> <span class='ocrx_word' id='word_1_64' title='bbox 945 1147 1009 1200; x_wconf 88' lang='lat' dir='ltr'>mibi</span> <span class='ocrx_word' id='word_1_65' title='bbox 1027 1148 1114 1202; x_wconf 88' lang='lat' dir='ltr'>adhuc</span> <span class='ocrx_word' id='word_1_66' title='bbox 1126 1160 1279 1220; x_wconf 84' lang='lat' dir='ltr'>suspectum</span> <span class='ocrx_word' id='word_1_67' title='bbox 1299 1151 1359 1205; x_wconf 85' lang='lat' dir='ltr'>est.¹</span> 
     </span>
     <span class='ocr_line' id='line_1_9' title="bbox 293 1235 1345 1308; baseline -0.003 -13"><span class='ocrx_word' id='word_1_68' title='bbox 293 1240 358 1295; x_wconf 80' lang='lat' dir='ltr'>scio</span> <span class='ocrx_word' id='word_1_69' title='bbox 377 1259 432 1293; x_wconf 83' lang='lat' dir='ltr'>esse</span> <span class='ocrx_word' id='word_1_70' title='bbox 449 1237 627 1292; x_wconf 76' lang='lat' dir='ltr'>Praetorium.</span> <span class='ocrx_word' id='word_1_71' title='bbox 669 1236 722 1290; x_wconf 86' lang='lat' dir='ltr'>Sed</span> <span class='ocrx_word' id='word_1_72' title='bbox 742 1238 806 1308; x_wconf 90' lang='lat' dir='ltr'>quid</span> <span class='ocrx_word' id='word_1_73' title='bbox 826 1247 862 1289; x_wconf 88' lang='lat' dir='ltr'>est</span> <span class='ocrx_word' id='word_1_74' title='bbox 882 1236 913 1288; x_wconf 85' lang='lat' dir='ltr'>ad</span> <span class='ocrx_word' id='word_1_75' title='bbox 934 1235 1006 1290; x_wconf 88' lang='lat' dir='ltr'>hunc</span> <span class='ocrx_word' id='word_1_76' title='bbox 1025 1235 1137 1290; x_wconf 86' lang='lat' dir='ltr'>locum?</span> <span class='ocrx_word' id='word_1_77' title='bbox 1165 1235 1224 1291; x_wconf 82' lang='lat' dir='ltr'>Sex.</span> <span class='ocrx_word' id='word_1_78' title='bbox 1260 1239 1345 1293; x_wconf 88' lang='lat' dir='ltr'>Pom-</span> 
     </span>
     <span class='ocr_line' id='line_1_10' title="bbox 293 1325 1343 1400; baseline -0.004 -19"><span class='ocrx_word' id='word_1_79' title='bbox 293 1328 367 1400; x_wconf 86' lang='lat' dir='ltr'>peius</span> <span class='ocrx_word' id='word_1_80' title='bbox 386 1327 490 1380; x_wconf 79' lang='lat' dir='ltr'>scribit:</span> <span class='ocrx_word' id='word_1_81' title='bbox 509 1326 642 1379; x_wconf 86' lang='lat' dir='ltr'>Addicere</span> <span class='ocrx_word' id='word_1_82' title='bbox 660 1345 714 1378; x_wconf 85' lang='lat' dir='ltr'>esse</span> <span class='ocrx_word' id='word_1_83' title='bbox 732 1325 848 1377; x_wconf 80' lang='lat' dir='ltr'>alterius</span> <span class='ocrx_word' id='word_1_84' title='bbox 866 1325 1026 1376; x_wconf 83' lang='lat' dir='ltr'>sententiam</span> <span class='ocrx_word' id='word_1_85' title='bbox 1046 1326 1123 1396; x_wconf 78' lang='lat' dir='ltr'>requi</span> <span class='ocrx_word' id='word_1_86' title='bbox 1140 1336 1168 1377; x_wconf 82' lang='lat' dir='ltr'>et</span> <span class='ocrx_word' id='word_1_87' title='bbox 1185 1328 1343 1395; x_wconf 77' lang='lat' dir='ltr'>approbare,</span> 
     </span>
     <span class='ocr_line' id='line_1_11' title="bbox 294 1411 1347 1488; baseline 0.002 -22"><span class='ocrx_word' id='word_1_88' title='bbox 294 1435 324 1467; x_wconf 87' lang='lat' dir='ltr'>ea</span> <span class='ocrx_word' id='word_1_89' title='bbox 343 1413 444 1485; x_wconf 79' lang='lat' dir='ltr'>figura,</span> <span class='ocrx_word' id='word_1_90' title='bbox 464 1432 516 1484; x_wconf 83' lang='lat' dir='ltr'>qua</span> <span class='ocrx_word' id='word_1_91' title='bbox 535 1413 685 1485; x_wconf 81' lang='lat' dir='ltr'>acquirere,</span> <span class='ocrx_word' id='word_1_92' title='bbox 705 1411 868 1466; x_wconf 81' lang='lat' dir='ltr'>allaborare.</span> <span class='ocrx_word' id='word_1_93' title='bbox 915 1411 967 1464; x_wconf 86' lang='lat' dir='ltr'>Sed</span> <span class='ocrx_word' id='word_1_94' title='bbox 993 1432 1027 1464; x_wconf 88' lang='lat' dir='ltr'>ne</span> <span class='ocrx_word' id='word_1_95' title='bbox 1045 1411 1094 1465; x_wconf 83' lang='lat' dir='ltr'>hac</span> <span class='ocrx_word' id='word_1_96' title='bbox 1111 1413 1347 1488; x_wconf 37' lang='lat' dir='ltr'>quidem&#39;senten·</span> 
     </span>
     <span class='ocr_line' id='line_1_12' title="bbox 215 1499 1347 1572; baseline 0.001 -18"><span class='ocrx_word' id='word_1_97' title='bbox 215 1503 223 1532; x_wconf 52' lang='grc' dir='ltr'><strong>Γ</strong></span> <span class='ocrx_word' id='word_1_98' title='bbox 296 1502 330 1554; x_wconf 84' lang='lat' dir='ltr'>tia</span> <span class='ocrx_word' id='word_1_99' title='bbox 349 1500 513 1553; x_wconf 81' lang='lat' dir='ltr'>adiuvamur.</span> <span class='ocrx_word' id='word_1_100' title='bbox 550 1499 720 1565; x_wconf 79' lang='lat' dir='ltr'>Videndum,</span> <span class='ocrx_word' id='word_1_101' title='bbox 738 1518 772 1551; x_wconf 82' lang='lat' dir='ltr'>an</span> <span class='ocrx_word' id='word_1_102' title='bbox 791 1499 1129 1571; x_wconf 84' lang='lat' dir='ltr'>adducamscribipossit,</span> <span class='ocrx_word' id='word_1_103' title='bbox 1149 1502 1347 1572; x_wconf 67' lang='lat' dir='ltr'>improbabo,</span> 
     </span>
     <span class='ocr_line' id='line_1_13' title="bbox 296 1587 1347 1657; baseline 0 -16"><span class='ocrx_word' id='word_1_104' title='bbox 296 1587 434 1643; x_wconf 81' lang='lat' dir='ltr'>ostendam</span> <span class='ocrx_word' id='word_1_105' title='bbox 452 1587 573 1642; x_wconf 82' lang='lat' dir='ltr'>adductis</span> <span class='ocrx_word' id='word_1_106' title='bbox 591 1588 762 1657; x_wconf 78' lang='lat' dir='ltr'>argumentie.</span> <span class='ocrx_word' id='word_1_107' title='bbox 805 1587 927 1639; x_wconf 84' lang='lat' dir='ltr'>Placeret</span> <span class='ocrx_word' id='word_1_108' title='bbox 945 1588 1067 1652; x_wconf 76' lang='lat' dir='ltr'>vincam,</span> <span class='ocrx_word' id='word_1_109' title='bbox 1095 1587 1116 1639; x_wconf 88' lang='lat' dir='ltr'>si</span> <span class='ocrx_word' id='word_1_110' title='bbox 1142 1606 1197 1657; x_wconf 92' lang='lat' dir='ltr'>quo</span> <span class='ocrx_word' id='word_1_111' title='bbox 1224 1588 1253 1641; x_wconf 92' lang='lat' dir='ltr'>in</span> <span class='ocrx_word' id='word_1_112' title='bbox 1278 1588 1347 1641; x_wconf 91' lang='lat' dir='ltr'>libro</span> 
     </span>
     <span class='ocr_line' id='line_1_14' title="bbox 296 1673 1346 1747; baseline -0.002 -18"><span class='ocrx_word' id='word_1_113' title='bbox 296 1675 466 1747; x_wconf 84' lang='lat' dir='ltr'>reperissem:</span> <span class='ocrx_word' id='word_1_114' title='bbox 494 1693 649 1747; x_wconf 82' lang='lat' dir='ltr'>quanquam</span> <span class='ocrx_word' id='word_1_115' title='bbox 668 1693 724 1727; x_wconf 90' lang='lat' dir='ltr'>non</span> <span class='ocrx_word' id='word_1_116' title='bbox 743 1674 822 1727; x_wconf 87' lang='lat' dir='ltr'>nimis</span> <span class='ocrx_word' id='word_1_117' title='bbox 841 1673 920 1744; x_wconf 82' lang='lat' dir='ltr'>longe</span> <span class='ocrx_word' id='word_1_118' title='bbox 940 1674 1030 1740; x_wconf 79' lang='lat' dir='ltr'>abest,</span> <span class='ocrx_word' id='word_1_119' title='bbox 1059 1674 1260 1745; x_wconf 83' lang='lat' dir='ltr'>quodquidam</span> <span class='ocrx_word' id='word_1_120' title='bbox 1286 1675 1346 1727; x_wconf 90' lang='lat' dir='ltr'>libri</span> 
     </span>
     <span class='ocr_line' id='line_1_15' title="bbox 296 1759 763 1832; baseline 0.002 -18"><span class='ocrx_word' id='word_1_121' title='bbox 296 1762 396 1817; x_wconf 80' lang='lat' dir='ltr'>babent</span> <span class='ocrx_word' id='word_1_122' title='bbox 410 1764 448 1813; x_wconf 88' lang='lat' dir='ltr'>ad</span> <span class='ocrx_word' id='word_1_123' title='bbox 465 1762 590 1817; x_wconf 73' lang='lat' dir='ltr'>aicium.“</span> <span class='ocrx_word' id='word_1_124' title='bbox 609 1759 640 1814; x_wconf 82' lang='lat' dir='ltr'>C.</span> <span class='ocrx_word' id='word_1_125' title='bbox 659 1762 763 1832; x_wconf 78' lang='lat' dir='ltr'>Laug.</span> 
     </span>
    </p>

    <p class='ocr_par' dir='ltr' id='par_1_3' title="bbox 296 1848 1350 2531">
     <span class='ocr_line' id='line_1_16' title="bbox 319 1848 1347 1921; baseline -0.002 -19"><span class='ocrx_word' id='word_1_126' title='bbox 319 1904 322 1910; x_wconf 71' lang='grc'><strong>,</strong></span> <span class='ocrx_word' id='word_1_127' title='bbox 366 1849 471 1918; x_wconf 82' lang='lat' dir='ltr'>„Sunt,</span> <span class='ocrx_word' id='word_1_128' title='bbox 495 1852 542 1920; x_wconf 86' lang='lat' dir='ltr'>qui</span> <span class='ocrx_word' id='word_1_129' title='bbox 561 1848 613 1903; x_wconf 90' lang='lat' dir='ltr'>hoc</span> <span class='ocrx_word' id='word_1_130' title='bbox 630 1850 664 1902; x_wconf 88' lang='lat' dir='ltr'>ita</span> <span class='ocrx_word' id='word_1_131' title='bbox 684 1860 831 1921; x_wconf 83' lang='lat' dir='ltr'>exponant:</span> <span class='ocrx_word' id='word_1_132' title='bbox 859 1849 1028 1919; x_wconf 76' lang='lat' dir='ltr'>argumentis</span> <span class='ocrx_word' id='word_1_133' title='bbox 1052 1849 1122 1900; x_wconf 72' lang='lat' dir='ltr'>cerie</span> <span class='ocrx_word' id='word_1_134' title='bbox 1140 1858 1167 1899; x_wconf 81' lang='lat' dir='ltr'>et</span> <span class='ocrx_word' id='word_1_135' title='bbox 1187 1849 1267 1900; x_wconf 75' lang='lat' dir='ltr'>certia</span> <span class='ocrx_word' id='word_1_136' title='bbox 1285 1868 1347 1900; x_wconf 87' lang='lat' dir='ltr'>con-</span> 
     </span>
     <span class='ocr_line' id='line_1_17' title="bbox 296 1935 1347 2008; baseline -0.001 -18"><span class='ocrx_word' id='word_1_137' title='bbox 296 1939 416 1991; x_wconf 75' lang='lat' dir='ltr'>vincam:</span> <span class='ocrx_word' id='word_1_138' title='bbox 435 1936 507 2008; x_wconf 85' lang='lat' dir='ltr'>quod</span> <span class='ocrx_word' id='word_1_139' title='bbox 527 1948 698 2006; x_wconf 81' lang='lat' dir='ltr'>argumenta,</span> <span class='ocrx_word' id='word_1_140' title='bbox 718 1935 816 2008; x_wconf 87' lang='lat' dir='ltr'>quibus</span> <span class='ocrx_word' id='word_1_141' title='bbox 834 1935 914 1988; x_wconf 87' lang='lat' dir='ltr'>dubia</span> <span class='ocrx_word' id='word_1_142' title='bbox 934 1948 960 1989; x_wconf 87' lang='lat' dir='ltr'>et</span> <span class='ocrx_word' id='word_1_143' title='bbox 979 1937 1080 1989; x_wconf 86' lang='lat' dir='ltr'>incerta</span> <span class='ocrx_word' id='word_1_144' title='bbox 1102 1937 1256 2006; x_wconf 79' lang='lat' dir='ltr'>probamus,</span> <span class='ocrx_word' id='word_1_145' title='bbox 1275 1947 1347 1989; x_wconf 84' lang='lat' dir='ltr'>certa</span> 
     </span>
     <span class='ocr_line' id='line_1_18' title="bbox 297 2022 1348 2094; baseline -0.002 -17"><span class='ocrx_word' id='word_1_146' title='bbox 297 2035 323 2079; x_wconf 85' lang='lat' dir='ltr'>et</span> <span class='ocrx_word' id='word_1_147' title='bbox 338 2025 458 2077; x_wconf 78' lang='lat' dir='ltr'>contessa</span> <span class='ocrx_word' id='word_1_148' title='bbox 476 2041 532 2076; x_wconf 77' lang='lat' dir='ltr'>esse</span> <span class='ocrx_word' id='word_1_149' title='bbox 550 2023 671 2077; x_wconf 84' lang='lat' dir='ltr'>debeant.</span> <span class='ocrx_word' id='word_1_150' title='bbox 710 2023 821 2076; x_wconf 85' lang='lat' dir='ltr'>lncertis</span> <span class='ocrx_word' id='word_1_151' title='bbox 838 2022 909 2075; x_wconf 85' lang='lat' dir='ltr'>enirn</span> <span class='ocrx_word' id='word_1_152' title='bbox 929 2022 1009 2075; x_wconf 86' lang='lat' dir='ltr'>dubia</span> <span class='ocrx_word' id='word_1_153' title='bbox 1024 2022 1134 2094; x_wconf 79' lang='lat' dir='ltr'>probari</span> <span class='ocrx_word' id='word_1_154' title='bbox 1153 2042 1208 2076; x_wconf 89' lang='lat' dir='ltr'>non</span> <span class='ocrx_word' id='word_1_155' title='bbox 1228 2034 1348 2094; x_wconf 76' lang='lat' dir='ltr'>possunt.</span> 
     </span>
     <span class='ocr_line' id='line_1_19' title="bbox 297 2109 1348 2181; baseline -0.002 -18"><span class='ocrx_word' id='word_1_156' title='bbox 297 2112 417 2176; x_wconf 73' lang='lat' dir='ltr'>Frotasee</span> <span class='ocrx_word' id='word_1_157' title='bbox 437 2114 517 2181; x_wconf 84' lang='lat' dir='ltr'>possit</span> <span class='ocrx_word' id='word_1_158' title='bbox 534 2110 656 2180; x_wconf 77' lang='lat' dir='ltr'>intelligi,</span> <span class='ocrx_word' id='word_1_159' title='bbox 676 2121 706 2163; x_wconf 91' lang='lat' dir='ltr'>ut</span> <span class='ocrx_word' id='word_1_160' title='bbox 725 2109 822 2163; x_wconf 89' lang='lat' dir='ltr'>Cicero</span> <span class='ocrx_word' id='word_1_161' title='bbox 841 2109 922 2163; x_wconf 84' lang='lat' dir='ltr'>dicat:</span> <span class='ocrx_word' id='word_1_162' title='bbox 943 2115 1098 2163; x_wconf 78' lang='lat' dir='ltr'>Curatorem</span> <span class='ocrx_word' id='word_1_163' title='bbox 1117 2110 1348 2172; x_wconf 66' lang='lat' dir='ltr'>atoariorum,</span> 
     </span>
     <span class='ocr_line' id='line_1_20' title="bbox 297 2196 1348 2270; baseline -0.002 -19"><span class='ocrx_word' id='word_1_164' title='bbox 297 2210 429 2270; x_wconf 82' lang='lat' dir='ltr'>tanquam</span> <span class='ocrx_word' id='word_1_165' title='bbox 448 2198 565 2268; x_wconf 82' lang='lat' dir='ltr'>furioso.</span> <span class='ocrx_word' id='word_1_166' title='bbox 613 2197 756 2250; x_wconf 85' lang='lat' dir='ltr'>Furiosum</span> <span class='ocrx_word' id='word_1_167' title='bbox 785 2196 857 2249; x_wconf 90' lang='lat' dir='ltr'>enim</span> <span class='ocrx_word' id='word_1_168' title='bbox 878 2197 1018 2250; x_wconf 87' lang='lat' dir='ltr'>domiuum</span> <span class='ocrx_word' id='word_1_169' title='bbox 1045 2216 1100 2249; x_wconf 83' lang='lat' dir='ltr'>esse</span> <span class='ocrx_word' id='word_1_170' title='bbox 1127 2216 1237 2250; x_wconf 85' lang='lat' dir='ltr'>suarum</span> <span class='ocrx_word' id='word_1_171' title='bbox 1255 2215 1348 2250; x_wconf 87' lang='lat' dir='ltr'>rerum</span> 
     </span>
     <span class='ocr_line' id='line_1_21' title="bbox 297 2282 1349 2355; baseline 0.001 -19"><span class='ocrx_word' id='word_1_172' title='bbox 297 2295 386 2339; x_wconf 77' lang='lat' dir='ltr'>vetant</span> <span class='ocrx_word' id='word_1_173' title='bbox 409 2284 465 2337; x_wconf 89' lang='lat' dir='ltr'>XlI.</span> <span class='ocrx_word' id='word_1_174' title='bbox 499 2284 605 2338; x_wconf 83' lang='lat' dir='ltr'>tabulae</span> <span class='ocrx_word' id='word_1_175' title='bbox 632 2285 695 2352; x_wconf 80' lang='lat' dir='ltr'>[vid.</span> <span class='ocrx_word' id='word_1_176' title='bbox 725 2282 849 2337; x_wconf 82' lang='lat' dir='ltr'>Dirlsen.</span> <span class='ocrx_word' id='word_1_177' title='bbox 876 2284 945 2338; x_wconf 80' lang='lat' dir='ltr'>Krit.</span> <span class='ocrx_word' id='word_1_178' title='bbox 975 2285 1001 2337; x_wconf 89' lang='lat' dir='ltr'>d.</span> <span class='ocrx_word' id='word_1_179' title='bbox 1026 2284 1082 2337; x_wconf 80' lang='grc' dir='ltr'>ΧΠ.</span> <span class='ocrx_word' id='word_1_180' title='bbox 1107 2283 1349 2355; x_wconf 75' lang='lat' dir='ltr'>Talei-Fragmm.</span> 
     </span>
     <span class='ocr_line' id='line_1_22' title="bbox 298 2372 1349 2443; baseline -0.001 -17"><span class='ocrx_word' id='word_1_181' title='bbox 298 2389 325 2443; x_wconf 83' lang='lat' dir='ltr'>p.-</span> <span class='ocrx_word' id='word_1_182' title='bbox 341 2374 527 2438; x_wconf 54' lang='lat' dir='ltr'>tat-38⁰4.</span> <span class='ocrx_word' id='word_1_183' title='bbox 570 2372 698 2425; x_wconf 81' lang='lat' dir='ltr'>Furiosus</span> <span class='ocrx_word' id='word_1_184' title='bbox 715 2372 811 2443; x_wconf 80' lang='lat' dir='ltr'>igitur,</span> <span class='ocrx_word' id='word_1_185' title='bbox 838 2392 922 2443; x_wconf 82' lang='lat' dir='ltr'>quum</span> <span class='ocrx_word' id='word_1_186' title='bbox 940 2372 964 2425; x_wconf 85' lang='lat' dir='ltr'>ei</span> <span class='ocrx_word' id='word_1_187' title='bbox 990 2382 1099 2424; x_wconf 78' lang='lat' dir='ltr'>curator</span> <span class='ocrx_word' id='word_1_188' title='bbox 1121 2372 1198 2424; x_wconf 84' lang='lat' dir='ltr'>datus</span> <span class='ocrx_word' id='word_1_189' title='bbox 1223 2383 1276 2438; x_wconf 81' lang='lat' dir='ltr'>est,</span> <span class='ocrx_word' id='word_1_190' title='bbox 1300 2392 1349 2425; x_wconf 84' lang='lat' dir='ltr'>ne·</span> 
     </span>
     <span class='ocr_line' id='line_1_23' title="bbox 298 2457 1350 2531; baseline 0.003 -21"><span class='ocrx_word' id='word_1_191' title='bbox 298 2458 422 2512; x_wconf 80' lang='lat' dir='ltr'>cmmriie</span> <span class='ocrx_word' id='word_1_192' title='bbox 439 2457 516 2513; x_wconf 81' lang='lat' dir='ltr'>rebus</span> <span class='ocrx_word' id='word_1_193' title='bbox 535 2459 661 2512; x_wconf 80' lang='lat' dir='ltr'>addictur</span> <span class='ocrx_word' id='word_1_194' title='bbox 678 2470 736 2519; x_wconf 81' lang='lat' dir='ltr'>eat,</span> <span class='ocrx_word' id='word_1_195' title='bbox 759 2479 812 2514; x_wconf 85' lang='lat' dir='ltr'>uec</span> <span class='ocrx_word' id='word_1_196' title='bbox 829 2460 882 2513; x_wconf 83' lang='lat' dir='ltr'>suis</span> <span class='ocrx_word' id='word_1_197' title='bbox 900 2460 979 2513; x_wconf 80' lang='lat' dir='ltr'>rebus</span> <span class='ocrx_word' id='word_1_198' title='bbox 997 2460 1036 2513; x_wconf 85' lang='lat' dir='ltr'>uti</span> <span class='ocrx_word' id='word_1_199' title='bbox 1062 2472 1147 2531; x_wconf 81' lang='lat' dir='ltr'>potest</span> <span class='ocrx_word' id='word_1_200' title='bbox 1165 2460 1221 2513; x_wconf 87' lang='lat' dir='ltr'>siue</span> <span class='ocrx_word' id='word_1_201' title='bbox 1240 2471 1350 2515; x_wconf 76' lang='lat' dir='ltr'>carato-</span> 
     </span>
    </p>
   </div>
   <div class='ocr_carea' id='block_1_3' title="bbox 200 2547 1439 2619">
    <p class='ocr_par' dir='ltr' id='par_1_4' title="bbox 200 2547 1439 2619">
     <span class='ocr_line' id='line_1_24' title="bbox 200 2547 1439 2619; baseline 0 -20"><span class='ocrx_word' id='word_1_202' title='bbox 200 2586 203 2593; x_wconf 66' lang='lat'><em>-</em></span> <span class='ocrx_word' id='word_1_203' title='bbox 298 2547 335 2600; x_wconf 82' lang='lat' dir='ltr'>rie</span> <span class='ocrx_word' id='word_1_204' title='bbox 352 2547 515 2601; x_wconf 85' lang='lat' dir='ltr'>auctoritate.</span> <span class='ocrx_word' id='word_1_205' title='bbox 560 2547 610 2601; x_wconf 86' lang='lat' dir='ltr'>Hic</span> <span class='ocrx_word' id='word_1_206' title='bbox 628 2567 719 2601; x_wconf 81' lang='lat' dir='ltr'>sensus</span> <span class='ocrx_word' id='word_1_207' title='bbox 743 2548 764 2600; x_wconf 86' lang='lat' dir='ltr'>si</span> <span class='ocrx_word' id='word_1_208' title='bbox 783 2547 914 2618; x_wconf 77' lang='lat' dir='ltr'>placeret,</span> <span class='ocrx_word' id='word_1_209' title='bbox 942 2547 1085 2619; x_wconf 71' lang='lat' dir='ltr'>legendum</span> <span class='ocrx_word' id='word_1_210' title='bbox 1104 2558 1182 2601; x_wconf 81' lang='lat' dir='ltr'>esset:</span> <span class='ocrx_word' id='word_1_211' title='bbox 1210 2551 1269 2619; x_wconf 81' lang='lat' dir='ltr'>Ego</span> <span class='ocrx_word' id='word_1_212' title='bbox 1287 2566 1349 2599; x_wconf 76' lang='lat' dir='ltr'>cero</span> <span class='ocrx_word' id='word_1_213' title='bbox 1437 2580 1439 2583; x_wconf 95' lang='lat'>-</span> 
     </span>
    </p>
   </div>
   <div class='ocr_carea' id='block_1_4' title="bbox 298 2635 1396 4283">
    <p class='ocr_par' dir='ltr' id='par_1_5' title="bbox 299 2635 1349 2798">
     <span class='ocr_line' id='line_1_25' title="bbox 299 2635 1349 2707; baseline 0.004 -23"><span class='ocrx_word' id='word_1_214' title='bbox 299 2643 326 2684; x_wconf 75' lang='lat' dir='ltr'>te</span> <span class='ocrx_word' id='word_1_215' title='bbox 344 2651 398 2686; x_wconf 86' lang='lat' dir='ltr'>non</span> <span class='ocrx_word' id='word_1_216' title='bbox 414 2635 507 2685; x_wconf 87' lang='lat' dir='ltr'>morlo</span> <span class='ocrx_word' id='word_1_217' title='bbox 525 2635 656 2701; x_wconf 66' lang='lat' dir='ltr'>stadam,</span> <span class='ocrx_word' id='word_1_218' title='bbox 681 2646 711 2689; x_wconf 82' lang='lat' dir='ltr'>ut</span> <span class='ocrx_word' id='word_1_219' title='bbox 732 2636 760 2688; x_wconf 91' lang='lat' dir='ltr'>in</span> <span class='ocrx_word' id='word_1_220' title='bbox 778 2636 871 2707; x_wconf 79' lang='lat' dir='ltr'>aliquo</span> <span class='ocrx_word' id='word_1_221' title='bbox 894 2655 950 2689; x_wconf 91' lang='lat' dir='ltr'>uno</span> <span class='ocrx_word' id='word_1_222' title='bbox 976 2636 1069 2689; x_wconf 87' lang='lat' dir='ltr'>codice</span> <span class='ocrx_word' id='word_1_223' title='bbox 1085 2635 1174 2688; x_wconf 75' lang='lat' dir='ltr'>inveni</span> <span class='ocrx_word' id='word_1_224' title='bbox 1192 2636 1349 2705; x_wconf 77' lang='lat' dir='ltr'>scriptum.“</span> 
     </span>
     <span class='ocr_line' id='line_1_26' title="bbox 299 2718 1027 2798; baseline 0.005 -27"><span class='ocrx_word' id='word_1_225' title='bbox 299 2719 372 2774; x_wconf 87' lang='lat' dir='ltr'>Fre.</span> <span class='ocrx_word' id='word_1_226' title='bbox 391 2718 539 2790; x_wconf 78' lang='lat' dir='ltr'>Sylvius.</span> <span class='ocrx_word' id='word_1_227' title='bbox 702 2787 707 2798; x_wconf 34' lang='grc' dir='ltr'>ι</span> <span class='ocrx_word' id='word_1_228' title='bbox 1024 2726 1027 2732; x_wconf 85' lang='grc'><strong>’</strong></span> 
     </span>
    </p>

    <p class='ocr_par' dir='ltr' id='par_1_6' title="bbox 298 2807 1396 4283">
     <span class='ocr_line' id='line_1_27' title="bbox 319 2807 1396 2873; baseline 0.005 -17"><span class='ocrx_word' id='word_1_229' title='bbox 319 2852 321 2856; x_wconf 92' lang='grc'>.</span> <span class='ocrx_word' id='word_1_230' title='bbox 370 2807 597 2873; x_wconf 76' lang='lat' dir='ltr'>„deridementem</span> <span class='ocrx_word' id='word_1_231' title='bbox 615 2811 785 2864; x_wconf 72' lang='lat' dir='ltr'>etiamnum</span> <span class='ocrx_word' id='word_1_232' title='bbox 804 2810 1009 2864; x_wconf 77' lang='lat' dir='ltr'>rationibus</span> <span class='ocrx_word' id='word_1_233' title='bbox 1028 2811 1164 2864; x_wconf 76' lang='lat' dir='ltr'>aiacem</span> <span class='ocrx_word' id='word_1_234' title='bbox 1180 2812 1349 2863; x_wconf 69' lang='lat' dir='ltr'>marinariis.</span> <span class='ocrx_word' id='word_1_235' title='bbox 1394 2845 1396 2849; x_wconf 30' lang='grc' dir='ltr'><strong>ψ</strong></span> 
     </span>
     <span class='ocr_line' id='line_1_28' title="bbox 299 2893 1351 2970; baseline 0.002 -22"><span class='ocrx_word' id='word_1_236' title='bbox 299 2893 406 2966; x_wconf 81' lang='lat' dir='ltr'>Siquis</span> <span class='ocrx_word' id='word_1_237' title='bbox 426 2893 502 2949; x_wconf 84' lang='lat' dir='ltr'>locus</span> <span class='ocrx_word' id='word_1_238' title='bbox 518 2906 557 2949; x_wconf 84' lang='lat' dir='ltr'>eet</span> <span class='ocrx_word' id='word_1_239' title='bbox 575 2896 603 2949; x_wconf 89' lang='lat' dir='ltr'>iu</span> <span class='ocrx_word' id='word_1_240' title='bbox 621 2897 765 2952; x_wconf 78' lang='lat' dir='ltr'>Paradocis</span> <span class='ocrx_word' id='word_1_241' title='bbox 780 2910 938 2970; x_wconf 81' lang='lat' dir='ltr'>corruptus,</span> <span class='ocrx_word' id='word_1_242' title='bbox 963 2899 1006 2953; x_wconf 89' lang='lat' dir='ltr'>bic</span> <span class='ocrx_word' id='word_1_243' title='bbox 1025 2911 1075 2952; x_wconf 79' lang='lat' dir='ltr'>estc</span> <span class='ocrx_word' id='word_1_244' title='bbox 1092 2917 1173 2970; x_wconf 85' lang='lat' dir='ltr'>quern</span> <span class='ocrx_word' id='word_1_245' title='bbox 1192 2899 1351 2970; x_wconf 72' lang='lat' dir='ltr'>Longius,</span> 
     </span>
     <span class='ocr_line' id='line_1_29' title="bbox 300 2982 1351 3054; baseline 0.003 -20"><span class='ocrx_word' id='word_1_246' title='bbox 300 2983 376 3051; x_wconf 86' lang='lat' dir='ltr'>(nam</span> <span class='ocrx_word' id='word_1_247' title='bbox 404 2994 519 3050; x_wconf 82' lang='lat' dir='ltr'>ceteros,</span> <span class='ocrx_word' id='word_1_248' title='bbox 557 2982 603 3054; x_wconf 90' lang='lat' dir='ltr'>qui</span> <span class='ocrx_word' id='word_1_249' title='bbox 627 2984 690 3039; x_wconf 88' lang='lat' dir='ltr'>huic</span> <span class='ocrx_word' id='word_1_250' title='bbox 713 2985 797 3040; x_wconf 84' lang='lat' dir='ltr'>ulceri</span> <span class='ocrx_word' id='word_1_251' title='bbox 829 3006 925 3039; x_wconf 80' lang='lat' dir='ltr'>manua</span> <span class='ocrx_word' id='word_1_252' title='bbox 953 2988 1144 3051; x_wconf 63' lang='lat' dir='ltr'>remanant,</span> <span class='ocrx_word' id='word_1_253' title='bbox 1181 2984 1288 3053; x_wconf 83' lang='lat' dir='ltr'>omitto)</span> <span class='ocrx_word' id='word_1_254' title='bbox 1312 2985 1351 3037; x_wconf 82' lang='lat' dir='ltr'>sic</span> 
     </span>
     <span class='ocr_line' id='line_1_30' title="bbox 300 3070 1350 3138; baseline -0.001 -15"><span class='ocrx_word' id='word_1_255' title='bbox 300 3070 444 3135; x_wconf 69' lang='lat' dir='ltr'>emendare</span> <span class='ocrx_word' id='word_1_256' title='bbox 461 3082 573 3124; x_wconf 77' lang='lat' dir='ltr'>conetua</span> <span class='ocrx_word' id='word_1_257' title='bbox 591 3082 642 3125; x_wconf 79' lang='lat' dir='ltr'>este</span> <span class='ocrx_word' id='word_1_258' title='bbox 661 3073 709 3123; x_wconf 83' lang='lat' dir='ltr'>ced</span> <span class='ocrx_word' id='word_1_259' title='bbox 726 3074 868 3127; x_wconf 80' lang='lat' dir='ltr'>dementem</span> <span class='ocrx_word' id='word_1_260' title='bbox 887 3085 913 3124; x_wconf 78' lang='lat' dir='ltr'>et</span> <span class='ocrx_word' id='word_1_261' title='bbox 931 3074 1065 3138; x_wconf 82' lang='lat' dir='ltr'>insanum,</span> <span class='ocrx_word' id='word_1_262' title='bbox 1082 3074 1207 3124; x_wconf 78' lang='lat' dir='ltr'>addeum</span> <span class='ocrx_word' id='word_1_263' title='bbox 1225 3084 1350 3124; x_wconf 80' lang='lat' dir='ltr'>neeessa-</span> 
     </span>
     <span class='ocr_line' id='line_1_31' title="bbox 300 3156 1356 3233; baseline 0.005 -24"><span class='ocrx_word' id='word_1_264' title='bbox 300 3157 357 3212; x_wconf 78' lang='lat' dir='ltr'>riie.</span> <span class='ocrx_word' id='word_1_265' title='bbox 397 3157 527 3212; x_wconf 58' lang='lat' dir='ltr'>addicam</span> <span class='ocrx_word' id='word_1_266' title='bbox 546 3160 715 3228; x_wconf 78' lang='lat' dir='ltr'>necessariis,</span> <span class='ocrx_word' id='word_1_267' title='bbox 734 3174 838 3228; x_wconf 84' lang='lat' dir='ltr'>autem,</span> <span class='ocrx_word' id='word_1_268' title='bbox 863 3163 880 3214; x_wconf 84' lang='lat' dir='ltr'>i.</span> <span class='ocrx_word' id='word_1_269' title='bbox 900 3181 924 3214; x_wconf 90' lang='lat' dir='ltr'>e.</span> <span class='ocrx_word' id='word_1_270' title='bbox 941 3162 1044 3219; x_wconf 77' lang='lat' dir='ltr'>mittam</span> <span class='ocrx_word' id='word_1_271' title='bbox 1063 3163 1096 3215; x_wconf 86' lang='lat' dir='ltr'>ad</span> <span class='ocrx_word' id='word_1_272' title='bbox 1118 3173 1244 3233; x_wconf 73' lang='lat' dir='ltr'>agnatos,</span> <span class='ocrx_word' id='word_1_273' title='bbox 1263 3156 1356 3231; x_wconf 71' lang='lat' dir='ltr'>inquil</span> 
     </span>
     <span class='ocr_line' id='line_1_32' title="bbox 298 3243 1352 3323; baseline 0.002 -26"><span class='ocrx_word' id='word_1_274' title='bbox 298 3243 360 3310; x_wconf 87' lang='lat' dir='ltr'>ille,</span> <span class='ocrx_word' id='word_1_275' title='bbox 376 3244 410 3298; x_wconf 81' lang='lat' dir='ltr'>ad</span> <span class='ocrx_word' id='word_1_276' title='bbox 428 3264 496 3323; x_wconf 76' lang='lat' dir='ltr'>quos</span> <span class='ocrx_word' id='word_1_277' title='bbox 514 3258 602 3300; x_wconf 86' lang='lat' dir='ltr'>mente</span> <span class='ocrx_word' id='word_1_278' title='bbox 621 3259 760 3319; x_wconf 86' lang='lat' dir='ltr'>ceptorum</span> <span class='ocrx_word' id='word_1_279' title='bbox 781 3248 860 3311; x_wconf 79' lang='lat' dir='ltr'>tutela</span> <span class='ocrx_word' id='word_1_280' title='bbox 880 3250 1001 3320; x_wconf 79' lang='lat' dir='ltr'>pertinet.</span> <span class='ocrx_word' id='word_1_281' title='bbox 1036 3249 1091 3302; x_wconf 84' lang='lat' dir='ltr'>Sed</span> <span class='ocrx_word' id='word_1_282' title='bbox 1109 3249 1241 3320; x_wconf 70' lang='lat' dir='ltr'>egobenc</span> <span class='ocrx_word' id='word_1_283' title='bbox 1257 3265 1352 3302; x_wconf 84' lang='lat' dir='ltr'>emea-</span> 
     </span>
     <span class='ocr_line' id='line_1_33' title="bbox 299 3332 1352 3408; baseline 0.004 -25"><span class='ocrx_word' id='word_1_284' title='bbox 299 3332 435 3386; x_wconf 82' lang='lat' dir='ltr'>detiouern</span> <span class='ocrx_word' id='word_1_285' title='bbox 453 3337 569 3405; x_wconf 79' lang='lat' dir='ltr'>probare.</span> <span class='ocrx_word' id='word_1_286' title='bbox 586 3335 662 3388; x_wconf 88' lang='lat' dir='ltr'>nullo</span> <span class='ocrx_word' id='word_1_287' title='bbox 680 3336 762 3389; x_wconf 89' lang='lat' dir='ltr'>modo</span> <span class='ocrx_word' id='word_1_288' title='bbox 781 3356 898 3408; x_wconf 82' lang='lat' dir='ltr'>possum.</span> <span class='ocrx_word' id='word_1_289' title='bbox 944 3338 1012 3391; x_wconf 86' lang='lat' dir='ltr'>Nam</span> <span class='ocrx_word' id='word_1_290' title='bbox 1037 3337 1155 3408; x_wconf 82' lang='lat' dir='ltr'>primum</span> <span class='ocrx_word' id='word_1_291' title='bbox 1178 3337 1207 3389; x_wconf 91' lang='lat' dir='ltr'>in</span> <span class='ocrx_word' id='word_1_292' title='bbox 1225 3336 1352 3389; x_wconf 66' lang='lat' dir='ltr'>omatibus</span> 
     </span>
     <span class='ocr_line' id='line_1_34' title="bbox 301 3417 1350 3495; baseline 0.006 -26"><span class='ocrx_word' id='word_1_293' title='bbox 301 3417 376 3471; x_wconf 84' lang='lat' dir='ltr'>libris</span> <span class='ocrx_word' id='word_1_294' title='bbox 392 3423 526 3491; x_wconf 87' lang='lat' dir='ltr'>reperitur</span> <span class='ocrx_word' id='word_1_295' title='bbox 545 3440 590 3474; x_wconf 79' lang='lat' dir='ltr'>vox</span> <span class='ocrx_word' id='word_1_296' title='bbox 609 3421 702 3489; x_wconf 81' lang='lat' dir='ltr'>rebus,</span> <span class='ocrx_word' id='word_1_297' title='bbox 729 3442 811 3495; x_wconf 86' lang='lat' dir='ltr'>quarn</span> <span class='ocrx_word' id='word_1_298' title='bbox 839 3426 954 3495; x_wconf 74' lang='lat' dir='ltr'>Longius</span> <span class='ocrx_word' id='word_1_299' title='bbox 985 3424 1062 3477; x_wconf 81' lang='lat' dir='ltr'>delet.</span> <span class='ocrx_word' id='word_1_300' title='bbox 1099 3424 1203 3476; x_wconf 80' lang='lat' dir='ltr'>Deinde</span> <span class='ocrx_word' id='word_1_301' title='bbox 1221 3438 1350 3494; x_wconf 80' lang='lat' dir='ltr'>quorsum</span> 
     </span>
     <span class='ocr_line' id='line_1_35' title="bbox 300 3505 1352 3579; baseline 0.004 -21"><span class='ocrx_word' id='word_1_302' title='bbox 300 3505 366 3560; x_wconf 70' lang='lat' dir='ltr'>hoca</span> <span class='ocrx_word' id='word_1_303' title='bbox 388 3505 447 3577; x_wconf 81' lang='lat' dir='ltr'>Ego</span> <span class='ocrx_word' id='word_1_304' title='bbox 466 3518 491 3560; x_wconf 81' lang='lat' dir='ltr'>te</span> <span class='ocrx_word' id='word_1_305' title='bbox 511 3508 544 3561; x_wconf 87' lang='lat' dir='ltr'>ad</span> <span class='ocrx_word' id='word_1_306' title='bbox 566 3521 692 3579; x_wconf 79' lang='lat' dir='ltr'>agnatos,</span> <span class='ocrx_word' id='word_1_307' title='bbox 710 3522 739 3564; x_wconf 89' lang='lat' dir='ltr'>ut</span> <span class='ocrx_word' id='word_1_308' title='bbox 758 3512 924 3579; x_wconf 84' lang='lat' dir='ltr'>dementem,</span> <span class='ocrx_word' id='word_1_309' title='bbox 944 3512 1069 3566; x_wconf 78' lang='lat' dir='ltr'>mittam?</span> <span class='ocrx_word' id='word_1_310' title='bbox 1104 3511 1228 3576; x_wconf 86' lang='lat' dir='ltr'>Deinde,</span> <span class='ocrx_word' id='word_1_311' title='bbox 1251 3510 1274 3562; x_wconf 84' lang='lat' dir='ltr'>si</span> <span class='ocrx_word' id='word_1_312' title='bbox 1291 3528 1352 3563; x_wconf 85' lang='lat' dir='ltr'>oee-</span> 
     </span>
     <span class='ocr_line' id='line_1_36' title="bbox 300 3597 1353 3670; baseline 0.01 -26"><span class='ocrx_word' id='word_1_313' title='bbox 300 3603 356 3645; x_wconf 88' lang='lat' dir='ltr'>tum</span> <span class='ocrx_word' id='word_1_314' title='bbox 375 3605 427 3660; x_wconf 81' lang='lat' dir='ltr'>est,</span> <span class='ocrx_word' id='word_1_315' title='bbox 456 3607 546 3650; x_wconf 82' lang='lat' dir='ltr'>mente</span> <span class='ocrx_word' id='word_1_316' title='bbox 563 3607 672 3668; x_wconf 87' lang='lat' dir='ltr'>captum</span> <span class='ocrx_word' id='word_1_317' title='bbox 700 3614 769 3665; x_wconf 82' lang='lat' dir='ltr'>esse,</span> <span class='ocrx_word' id='word_1_318' title='bbox 795 3621 851 3654; x_wconf 90' lang='lat' dir='ltr'>non</span> <span class='ocrx_word' id='word_1_319' title='bbox 872 3601 999 3665; x_wconf 87' lang='lat' dir='ltr'>dubium,</span> <span class='ocrx_word' id='word_1_320' title='bbox 1023 3597 1089 3670; x_wconf 86' lang='lat' dir='ltr'>quin</span> <span class='ocrx_word' id='word_1_321' title='bbox 1108 3598 1141 3650; x_wconf 82' lang='lat' dir='ltr'>ad</span> <span class='ocrx_word' id='word_1_322' title='bbox 1160 3607 1271 3667; x_wconf 75' lang='lat' dir='ltr'>agnatos</span> <span class='ocrx_word' id='word_1_323' title='bbox 1288 3598 1353 3655; x_wconf 72' lang='lat' dir='ltr'>nit·</span> 
     </span>
     <span class='ocr_line' id='line_1_37' title="bbox 299 3675 1353 3753; baseline 0.004 -20"><span class='ocrx_word' id='word_1_324' title='bbox 299 3680 394 3735; x_wconf 82' lang='lat' dir='ltr'>tendas</span> <span class='ocrx_word' id='word_1_325' title='bbox 413 3681 460 3737; x_wconf 85' lang='lat' dir='ltr'>sit:</span> <span class='ocrx_word' id='word_1_326' title='bbox 479 3682 518 3736; x_wconf 87' lang='lat' dir='ltr'>sin</span> <span class='ocrx_word' id='word_1_327' title='bbox 532 3683 674 3753; x_wconf 88' lang='lat' dir='ltr'>incertum,</span> <span class='ocrx_word' id='word_1_328' title='bbox 694 3687 719 3739; x_wconf 89' lang='lat' dir='ltr'>id</span> <span class='ocrx_word' id='word_1_329' title='bbox 737 3688 975 3745; x_wconf 78' lang='lat' dir='ltr'>demonstrandum</span> <span class='ocrx_word' id='word_1_330' title='bbox 989 3698 1035 3741; x_wconf 86' lang='lat' dir='ltr'>est.</span> <span class='ocrx_word' id='word_1_331' title='bbox 1071 3684 1250 3738; x_wconf 82' lang='lat' dir='ltr'>Postremoin</span> <span class='ocrx_word' id='word_1_332' title='bbox 1262 3675 1353 3737; x_wconf 72' lang='lat' dir='ltr'>omni·</span> 
     </span>
     <span class='ocr_line' id='line_1_38' title="bbox 300 3768 1351 3850; baseline 0.005 -30"><span class='ocrx_word' id='word_1_333' title='bbox 300 3768 350 3821; x_wconf 85' lang='lat' dir='ltr'>bus</span> <span class='ocrx_word' id='word_1_334' title='bbox 377 3768 432 3822; x_wconf 83' lang='lat' dir='ltr'>iere</span> <span class='ocrx_word' id='word_1_335' title='bbox 458 3770 530 3825; x_wconf 86' lang='lat' dir='ltr'>libris</span> <span class='ocrx_word' id='word_1_336' title='bbox 557 3774 661 3845; x_wconf 77' lang='lat' dir='ltr'>scriptis</span> <span class='ocrx_word' id='word_1_337' title='bbox 685 3778 818 3845; x_wconf 87' lang='lat' dir='ltr'>reperitur</span> <span class='ocrx_word' id='word_1_338' title='bbox 843 3797 890 3829; x_wconf 79' lang='lat' dir='ltr'>vox</span> <span class='ocrx_word' id='word_1_339' title='bbox 915 3778 1060 3839; x_wconf 79' lang='lat' dir='ltr'>invictam,</span> <span class='ocrx_word' id='word_1_340' title='bbox 1084 3775 1181 3850; x_wconf 80' lang='lat' dir='ltr'>partim</span> <span class='ocrx_word' id='word_1_341' title='bbox 1207 3773 1235 3826; x_wconf 84' lang='lat' dir='ltr'>ln</span> <span class='ocrx_word' id='word_1_342' title='bbox 1254 3772 1351 3827; x_wconf 77' lang='lat' dir='ltr'>locum</span> 
     </span>
     <span class='ocr_line' id='line_1_39' title="bbox 301 3855 1352 3936; baseline 0.006 -29"><span class='ocrx_word' id='word_1_343' title='bbox 301 3855 374 3908; x_wconf 80' lang='lat' dir='ltr'>verbi</span> <span class='ocrx_word' id='word_1_344' title='bbox 393 3858 530 3922; x_wconf 82' lang='lat' dir='ltr'>addicam,</span> <span class='ocrx_word' id='word_1_345' title='bbox 550 3864 647 3930; x_wconf 85' lang='lat' dir='ltr'>partim</span> <span class='ocrx_word' id='word_1_346' title='bbox 665 3881 718 3914; x_wconf 84' lang='lat' dir='ltr'>une</span> <span class='ocrx_word' id='word_1_347' title='bbox 740 3858 803 3916; x_wconf 83' lang='lat' dir='ltr'>cum</span> <span class='ocrx_word' id='word_1_348' title='bbox 823 3884 855 3917; x_wconf 88' lang='lat' dir='ltr'>eo</span> <span class='ocrx_word' id='word_1_349' title='bbox 872 3865 931 3936; x_wconf 80' lang='lat' dir='ltr'>ipso</span> <span class='ocrx_word' id='word_1_350' title='bbox 949 3865 1039 3919; x_wconf 67' lang='lat' dir='ltr'>cefro.</span> <span class='ocrx_word' id='word_1_351' title='bbox 1087 3860 1169 3916; x_wconf 83' lang='lat' dir='ltr'>Pauci</span> <span class='ocrx_word' id='word_1_352' title='bbox 1188 3858 1297 3915; x_wconf 57' lang='lat' dir='ltr'>‘babent</span> <span class='ocrx_word' id='word_1_353' title='bbox 1312 3863 1352 3913; x_wconf 88' lang='lat' dir='ltr'>ad</span> 
     </span>
     <span class='ocr_line' id='line_1_40' title="bbox 299 3942 1352 4021; baseline 0.009 -30"><span class='ocrx_word' id='word_1_354' title='bbox 299 3942 400 3993; x_wconf 80' lang='lat' dir='ltr'>victum</span> <span class='ocrx_word' id='word_1_355' title='bbox 425 3962 475 4013; x_wconf 90' lang='lat' dir='ltr'>pro</span> <span class='ocrx_word' id='word_1_356' title='bbox 500 3946 639 3997; x_wconf 80' lang='lat' dir='ltr'>addicam:</span> <span class='ocrx_word' id='word_1_357' title='bbox 676 3949 800 4002; x_wconf 85' lang='lat' dir='ltr'>nonnulli</span> <span class='ocrx_word' id='word_1_358' title='bbox 826 3953 978 4017; x_wconf 80' lang='lat' dir='ltr'>addictum,</span> <span class='ocrx_word' id='word_1_359' title='bbox 1011 3946 1090 4003; x_wconf 75' lang='lat' dir='ltr'>unde·</span> <span class='ocrx_word' id='word_1_360' title='bbox 1111 3948 1259 4021; x_wconf 73' lang='lat' dir='ltr'>intelligere</span> <span class='ocrx_word' id='word_1_361' title='bbox 1278 3948 1352 4013; x_wconf 85' lang='lat' dir='ltr'>licet,</span> 
     </span>
     <span class='ocr_line' id='line_1_41' title="bbox 302 4029 1351 4110; baseline 0.008 -30"><span class='ocrx_word' id='word_1_362' title='bbox 302 4029 429 4081; x_wconf 84' lang='lat' dir='ltr'>mendum</span> <span class='ocrx_word' id='word_1_363' title='bbox 447 4049 502 4083; x_wconf 80' lang='lat' dir='ltr'>esse</span> <span class='ocrx_word' id='word_1_364' title='bbox 521 4032 548 4083; x_wconf 88' lang='lat' dir='ltr'>iu</span> <span class='ocrx_word' id='word_1_365' title='bbox 568 4033 648 4087; x_wconf 83' lang='lat' dir='ltr'>verbo</span> <span class='ocrx_word' id='word_1_366' title='bbox 665 4035 798 4092; x_wconf 86' lang='lat' dir='ltr'>addicam.</span> <span class='ocrx_word' id='word_1_367' title='bbox 836 4039 920 4104; x_wconf 79' lang='lat' dir='ltr'>Adde,</span> <span class='ocrx_word' id='word_1_368' title='bbox 938 4038 1010 4110; x_wconf 91' lang='lat' dir='ltr'>quod</span> <span class='ocrx_word' id='word_1_369' title='bbox 1029 4037 1154 4091; x_wconf 73' lang='lat' dir='ltr'>nonnulli</span> <span class='ocrx_word' id='word_1_370' title='bbox 1173 4036 1234 4090; x_wconf 84' lang='lat' dir='ltr'>libri</span> <span class='ocrx_word' id='word_1_371' title='bbox 1252 4036 1351 4089; x_wconf 76' lang='lat' dir='ltr'>babent</span> 
     </span>
     <span class='ocr_line' id='line_1_42' title="bbox 301 4115 1351 4198; baseline 0.01 -31"><span class='ocrx_word' id='word_1_372' title='bbox 301 4115 459 4170; x_wconf 76' lang='lat' dir='ltr'>infinitivum</span> <span class='ocrx_word' id='word_1_373' title='bbox 478 4136 535 4170; x_wconf 81' lang='lat' dir='ltr'>erec</span> <span class='ocrx_word' id='word_1_374' title='bbox 548 4138 609 4172; x_wconf 90' lang='lat' dir='ltr'>cum</span> <span class='ocrx_word' id='word_1_375' title='bbox 629 4123 710 4175; x_wconf 82' lang='lat' dir='ltr'>rerb&#39;o</span> <span class='ocrx_word' id='word_1_376' title='bbox 726 4124 864 4183; x_wconf 73' lang='lat' dir='ltr'>invictam.</span> <span class='ocrx_word' id='word_1_377' title='bbox 902 4126 961 4198; x_wconf 76' lang='lat' dir='ltr'>Ego</span> <span class='ocrx_word' id='word_1_378' title='bbox 979 4125 1068 4196; x_wconf 79' lang='lat' dir='ltr'>igitur,</span> <span class='ocrx_word' id='word_1_379' title='bbox 1087 4128 1240 4181; x_wconf 84' lang='lat' dir='ltr'>coniectura</span> <span class='ocrx_word' id='word_1_380' title='bbox 1255 4125 1351 4178; x_wconf 79' lang='lat' dir='ltr'>ductas</span> 
     </span>
     <span class='ocr_line' id='line_1_43' title="bbox 299 4202 1346 4283; baseline 0.011 -30"><span class='ocrx_word' id='word_1_381' title='bbox 299 4205 509 4277; x_wconf 82' lang='lat' dir='ltr'>sententiamque</span> <span class='ocrx_word' id='word_1_382' title='bbox 520 4203 656 4258; x_wconf 84' lang='lat' dir='ltr'>Ciceronis</span> <span class='ocrx_word' id='word_1_383' title='bbox 673 4202 787 4278; x_wconf 79' lang='lat' dir='ltr'>secutus,</span> <span class='ocrx_word' id='word_1_384' title='bbox 806 4213 843 4266; x_wconf 83' lang='lat' dir='ltr'>sic</span> <span class='ocrx_word' id='word_1_385' title='bbox 862 4212 1059 4269; x_wconf 83' lang='lat' dir='ltr'>emendandam</span> <span class='ocrx_word' id='word_1_386' title='bbox 1077 4214 1151 4269; x_wconf 87' lang='lat' dir='ltr'>huuc</span> <span class='ocrx_word' id='word_1_387' title='bbox 1162 4213 1251 4274; x_wconf 63' lang='lat' dir='ltr'>meam</span> <span class='ocrx_word' id='word_1_388' title='bbox 1265 4223 1346 4283; x_wconf 73' lang='lat' dir='ltr'>patei</span> 
     </span>
    </p>
   </div>
   <div class='ocr_carea' id='block_1_5' title="bbox 0 0 1550 4925">
    <p class='ocr_par' dir='ltr' id='par_1_7' title="bbox 0 0 1550 4925">
     <span class='ocr_line' id='line_1_44' title="bbox 0 0 1550 4925; baseline 0 0"><span class='ocrx_word' id='word_1_389' title='bbox 0 0 1550 4925; x_wconf 95' lang='lat' dir='ltr'> </span> 
     </span>
    </p>
   </div>
  </div>
 </body>
</html>
