3059 4925
282 469 331 543 24
607 493 781 542 ranrnoxa
809 492 1007 541 sroiconuu.

280 650 389 706 Paullus
399 651 427 704 in
438 651 483 705 fin.
495 652 530 706 D.
539 651 572 706 de
590 652 679 706 solut:
698 656 763 704 Cum
782 662 874 704 euterio
887 653 1003 706 creditor
1008 652 1108 725 pigrius
1121 652 1284 704 distraheret
1301 652 1336 702 tt-

227 755 229 759 ’
280 758 338 792 cero
355 741 380 792 ei
395 740 512 809 pretium
530 740 558 791 irs
576 750 715 808 occeptum
730 739 841 808 referre.
877 738 936 793 Cic.
955 740 984 794 in
1002 742 1078 794 Vero.
1094 740 1127 793 de
1141 736 1334 792 PraeturaUr-

280 830 366 883 banaa
393 831 467 897 Opus
486 829 514 879 in
532 837 670 897 occeptum
688 827 785 879 retulit
804 828 979 899 quadriennio
995 837 1057 897 post
1077 845 1158 899 quom
1174 827 1241 877 diem
1260 828 1332 893 opert

281 914 396 977 dixerat,
414 913 466 964 irae
476 913 633 977 conditione,
648 913 673 966 si
690 914 751 985 quis
761 914 793 964 de
801 914 901 984 popolo
916 915 1065 985 redemptor
1074 916 1256 967 accessisset.“
1274 910 1334 964 Mr-

349 1004 378 1052 irr
396 1011 520 1070 opertum
538 1011 570 1052 ut
585 1001 723 1071 proferas]
760 1001 805 1055 Al.
822 1003 851 1054 in
869 1013 1010 1074 occeptum
1028 1014 1060 1054 ut
1080 1003 1204 1075 referas,
1226 1001 1279 1057 boc
1296 1011 1335 1055 est

280 1089 308 1141 in
328 1087 449 1141 codicem
469 1089 580 1159 accepti.
616 1089 715 1144 Face.

352 1181 387 1230 In
403 1187 526 1245 apertum
546 1186 579 1227 ut
595 1177 746 1247 proferas,]
767 1176 915 1242 „Revooavi
937 1176 1079 1231 lectionem
1104 1176 1174 1230 Edd.
1193 1187 1264 1243 vett,
1283 1195 1334 1247 pro

282 1283 335 1335 qua
353 1265 455 1335 primus
474 1283 504 1317 ea
522 1263 625 1335 aliquot
644 1262 724 1316 MSS.
741 1263 888 1317 Lambinus
908 1263 991 1317 edidit
1008 1264 1037 1316 iri
1057 1273 1194 1333 occeptum
1212 1274 1245 1315 ut
1262 1264 1336 1334 refe·

282 1370 342 1417 ros,
370 1372 438 1424 quae
457 1363 546 1405 tamen
566 1371 621 1404 non
640 1351 786 1423 respondet
802 1353 988 1423 sequentibus:
1021 1371 1073 1403 non
1091 1361 1131 1404 ost
1155 1352 1224 1402 enim
1248 1360 1280 1400 ut
1305 1351 1334 1401 in

282 1457 342 1489 arce
357 1442 423 1509 porri
435 1440 550 1509 possit.“
569 1433 704 1492 Seb'iitz.
745 1438 806 1491 Non
833 1439 987 1492 obedientes
1012 1448 1106 1492 nactus
1133 1445 1172 1491 est
1196 1435 1335 1491 Scbiitzius

282 1525 488 1592 Gernhardurn,
508 1526 656 1593 Orelliurn,
678 1525 863 1598 Borgersium:
889 1515 906 1579 ¹e
925 1526 1023 1599 quibus
1038 1524 1152 1587 Ger-nb„
1185 1524 1239 1591 „Et
1262 1524 1334 1588 huic,

281 1613 385 1686 inquit,
404 1614 454 1685 ipsi
475 1614 619 1680 locutioni,
638 1634 690 1686 qua
709 1614 840 1686 signifieat
858 1634 916 1667 rem
935 1634 991 1675 non
1009 1614 1101 1685 magni
1117 1613 1195 1685 pretii
1211 1632 1283 1677 esse,
1310 1621 1339 1664 et

282 1702 368 1755 verbis
384 1702 453 1753 nibil
466 1703 577 1770 postulo
595 1704 680 1774 magis
698 1704 823 1758 convenit
847 1706 876 1756 irs
900 1713 1039 1772 occeptum
1057 1712 1090 1753 ut
1107 1702 1221 1771 reseras.
1266 1696 1336 1768 Quis

283 1790 355 1842 enim
373 1789 520 1842 modestior
538 1790 725 1860 postulaverit,
748 1804 780 1845 ut
796 1811 895 1845 munus
920 1790 1045 1843 suumin
1064 1800 1188 1859 apertum
1213 1788 1336 1858 profera-

282 1877 345 1930 tur?
381 1875 492 1930 Accedit
516 1877 589 1946 quod
608 1877 664 1948 ipse
689 1877 746 1932 Cic.
771 1877 795 1949 5.
813 1883 840 1932 1.
868 1878 931 1931 dicit
955 1886 1061 1927 tentore
1079 1875 1168 1936 volui,
1193 1883 1336 1941 possentne

279 1965 400 2036 proferri
415 1965 444 2016 irs
461 1965 554 2017 lucem.
590 1964 642 2017 Tb.
660 1966 797 2017 Bentleius
815 1964 919 2016 dubitat
935 1973 1024 2016 utram
1047 1960 1190 2016 lectionem
1206 1963 1336 2031 sequatur

261 2049 265 2056 ’
283 2063 310 2105 et
328 2071 378 2123 pro
396 2061 520 2121 opertum
538 2050 608 2102 male
630 2050 741 2103 coniicit
765 2041 903 2118 apricum,-
935 2048 984 2102 Or.
1003 2060 1091 2102 autern
1115 2045 1283 2117 inopertam
1301 2056 1334 2099 ut

283 2139 388 2207 referas
406 2137 563 2202 manilesto,
581 2137 686 2209 inquit,
705 2149 880 2209 corruptum,
911 2139 1078 2208 conjectura,
1108 2148 1138 2191 ut
1155 2137 1273 2201 videtur,
1299 2136 1333 2189 ab

282 2224 370 2277 llerw.
390 2227 469 2279 1531.
488 2235 620 2278 mutatum
638 2237 677 2279 est
693 2227 722 2278 ira
740 2238 866 2296 opertum
883 2237 916 2279 ut
933 2226 1075 2297 proferas:
1102 2225 1193 2296 sicque
1215 2222 1334 2278 Faceiol.

284 2312 323 2378 [in
342 2322 455 2385 utraque
474 2313 527 2380 ed.]
547 2324 573 2367 et
591 2312 697 2367 Scbtz.“
733 2314 793 2367 Mr.

353 2402 388 2450 In
405 2409 543 2471 occeptum
561 2411 594 2452 ut
611 2402 728 2474 referas]
759 2402 862 2472 Restat,
886 2413 917 2456 ut
933 2401 1069 2456 rideamus
1086 2401 1120 2455 de
1138 2399 1213 2455 libris
1230 2401 1336 2455 nostris.

283 2486 320 2539 Ex
338 2487 405 2542 02¹.
422 2508 492 2542 unus
509 2488 604 2557 modo,
623 2508 646 2556 o,
665 2491 746 2545 babet
764 2502 911 2560 occeptum,
928 2491 1025 2564 reliqui
1044 2501 1238 2561 opertumcum
1249 2488 1335 2543 codd.

249 2606 253 2613 =
283 2574 469 2647 Bas-Erlang.
490 2575 549 2630 Cro.
568 2580 592 2631 1.
611 2582 636 2630 2.
655 2578 696 2645 (bi
714 2579 785 2644 duo,
802 2578 901 2632 omisso
919 2583 966 2646 ut)
986 2577 1045 2632 Cra.
1063 2581 1088 2634 3.
1112 2576 1184 2631 Gud.
1204 2576 1236 2630 A.
1256 2576 1335 2640 (item

284 2661 381 2716 omisso
395 2666 463 2731 ¹ut),
492 2661 564 2716 Gud.
582 2667 608 2717 3.
639 2665 719 2718 Drsd.
738 2670 763 2718 1.
788 2667 865 2718 Voss.
882 2684 967 2730 unus3
997 2664 1407 2763 {Q

283 2747 364 2802 Drsd.
384 2753 410 2802 1.
427 2751 455 2802 in
474 2761 611 2820 occeptum
628 2752 771 2821 professos,
799 2752 879 2805 Drsd.
896 2756 922 2806 3.
951 2763 985 2803 ut
1012 2770 1041 2804 m
1062 2760 1201 2819 acceptum
1218 2750 1334 2820 referes,

284 2834 364 2889 Drsd.
382 2839 408 2890 4.
425 2836 453 2888 irs
471 2847 580 2906 accepto
596 2847 629 2889 ut
648 2839 768 2908 reseras,
786 2857 848 2891 cum
867 2837 937 2892 Cod.
955 2838 1062 2892 Suesia.
1098 2838 1136 2891 Ex
1154 2838 1194 2892 bis
1211 2838 1283 2892 sides
1301 2839 1334 2891 il-

284 2921 330 2974 lud
346 2923 472 2993 proferas
491 2922 569 2979 etiam
586 2924 616 2983 in
634 2922 704 2978 cod.
722 2925 783 2979 MS.
801 2945 866 2978 esse.
901 2924 955 2978 Sed
973 2936 1012 2979 est
1030 2926 1124 2990 etiam,
1142 2934 1249 2996 praeter
1265 2926 1335 2978 ller-

285 3029 353 3081 wag.
373 3012 460 3076 1531,
484 3010 511 3062 in
537 3009 586 3063 Ed.
610 3022 700 3065 nostra
724 3012 808 3065 Paris.
834 3012 1275 3066 remuneraturos&
1300 3012 1333 3066 ll.

285 3096 372 3149 Wolf.
390 3098 508 3167 itemque
527 3098 579 3150 iam
597 3099 627 3151 in
644 3100 705 3152 Aac.
723 3102 803 3155 1511.
821 3100 972 3164 cameram
989 3101 1019 3150 in
1036 3109 1161 3168 oportum
1178 3108 1210 3150 ut
1228 3102 1334 3170 referas

285 3185 384 3239 babent
401 3185 450 3239 Ed.
470 3204 528 3257 prc.
546 3184 595 3240 Ed.
614 3205 657 3258 ap.
680 3185 807 3254 Meusel.,
838 3187 974 3260 Magnoli,
1002 3186 1106 3240 Manut.
1130 3184 1191 3239 Ald.
1211 3188 1290 3240 tart.
1308 3197 1334 3240 et

284 3275 365 3328 tata.
384 3285 410 3327 et
426 3284 535 3344 excepta
553 3274 623 3328 Vict.
640 3286 666 3327 et
684 3273 790 3342 bamb„
810 3286 872 3329 ante
891 3276 982 3340 Grut,
1013 3274 1132 3347 reliquae
1153 3285 1212 3327 vett.
1231 3293 1333 3328 omnes.

284 3360 341 3414 Nec
358 3381 420 3414 vero
438 3360 612 3415 Manutianae
630 3360 680 3414 Ed.
698 3354 873 3416 Gernbardus
891 3363 985 3416 tribuit
1003 3362 1125 3433 deseras,
1149 3371 1179 3414 ut
1202 3361 1335 3414 existima·

285 3449 331 3502 bat
349 3447 408 3514 On,
425 3449 470 3501 sed
489 3450 537 3502 uni
555 3447 649 3503 Codici
668 3450 702 3503 ab
720 3450 791 3502 Aldo
810 3449 884 3503 Man.
903 3449 1018 3504 collator
1038 3449 1114 3503 cuius
1132 3449 1333 3502 annotationem

285 3554 365 3605 supra
386 3534 558 3589 exhibuimus.
606 3535 637 3588 ln
661 3535 772 3608 reliquis
789 3537 882 3606 (etiam
911 3548 1003 3592 nostro
1027 3536 1107 3590 Drsd.
1126 3540 1152 3591 5.
1181 3548 1208 3591 et
1225 3537 1334 3605 Duisb.)

286 3634 324 3675 est
342 3623 485 3693 scriptum,
513 3634 543 3676 ut
571 3642 622 3676 nos
647 3624 808 3680 exhibemus.
851 3625 897 3679 Est
915 3636 1003 3679 autem
1022 3625 1051 3676 in
1078 3636 1216 3694 occeptum
1233 3627 1334 3695 referre

285 3728 352 3779 opus
370 3710 442 3781 apud
461 3708 538 3767 lCtos
555 3710 670 3764 scribere
686 3732 757 3783 opus
775 3714 924 3783 perfectum
948 3731 1003 3767 esse
1021 3732 1052 3766 ea
1068 3713 1185 3779 ratione,
1212 3731 1267 3784 qua
1291 3713 1334 3765 lo·

276 3790 375 3850 'casnm
393 3808 440 3851 est.
458 3797 517 3850 ΜΓ.
559 3796 605 3850 Est
623 3797 648 3849 5.
667 3797 685 3849 Ι.
702 3798 810 3869 elegans
827 3799 984 3871 metaphora
1003 3800 1082 3854 ducta
1110 3819 1139 3852 ex
1165 3797 1263 3852 tabulis
1287 3817 1335 3852 ac·

284 3884 356 3954 cepti
372 3894 399 3937 et
415 3885 530 3954 expensi,
544 3884 623 3939 veluti
640 3891 811 3953 mercatores,
828 3888 1031 3959 dispensatores,
1050 3898 1138 3958 patres
1155 3883 1268 3939 familias
1284 3883 1334 3937 ba·

285 3972 350 4024 bent
369 3970 471 4025 tabulas
489 3972 620 4042 pecuniae
638 3985 764 4045 acceptae
783 3986 810 4030 et
828 3976 892 4030 item
912 3974 1141 4046 tabulasexpensi.
1177 3972 1271 4026 Prouti
1283 3973 1333 4044 igi·

284 4071 328 4112 tur
345 4058 374 4111 in
392 4058 488 4112 tabulis
502 4063 601 4132 excepti
620 4061 705 4116 veluti
719 4064 833 4118 maiores
850 4082 967 4117 summos
986 4073 1100 4133 ponunt,
1118 4060 1237 4113 minores
1254 4061 1334 4114 omit·

285 4157 362 4213 tunt,
386 4146 425 4205 sic
443 4145 540 4201 Cicero
557 4148 610 4203 boc
627 4156 739 4221 parsum
763 4172 832 4223 opus
851 4151 1052 4206 Paradoxorum
1070 4169 1126 4204 non
1150 4147 1205 4202 vult
1232 4148 1334 4204 censeri

287 4244 414 4305 tanquam
434 4234 519 4289 maius
536 4254 613 4309 opus,
634 4236 707 4310 quod
724 4238 754 4293 in
772 4239 875 4294 tabulas
893 4240 997 4312 accepti
1012 4239 1159 4307 referatur,
1179 4237 1251 4311 quod
1262 4237 1333 4290 idem
