3059 4925
307 457 380 530 164
631 478 803 526 rinrnoxr
832 479 1025 528 srorconnn.

305 655 410 716 lerum
436 666 508 715 esse
530 650 698 730 poenam?
743 666 853 714 meum
884 650 965 713 illud
1004 650 1065 714 iter
1091 649 1135 712 ob
1163 649 1360 731 praeclaris-

304 793 402 855 simas
430 807 483 855 res
510 807 531 854 a
556 807 610 853 me
635 793 744 870 gestas
771 807 843 854 esse
870 792 1084 871 susceptum‘l
1138 790 1263 855 Omnes
1285 807 1358 854 sce-

303 929 398 993 lerati
424 931 523 1008 atque
549 927 660 1008 impii,
695 943 837 1007 quornm
861 931 896 990 tu
922 933 954 991 te
979 927 1096 992 ducem
1123 945 1196 992 esse
1222 930 1357 1010 profite-

303 1067 366 1143 ris,
408 1081 491 1146 quos
529 1064 618 1144 leges
654 1063 772 1126 exsilio
815 1063 902 1127 ellici
939 1066 1073 1142 volunt,
1109 1068 1240 1130 exsules
1274 1069 1358 1141 sunt,

304 1201 402 1265 ctiam
438 1203 466 1265 si
505 1200 612 1263 solum
647 1215 715 1262 non
741 1198 949 1262 mutaverint.
1017 1203 1068 1263 An
1106 1216 1207 1280 quum
1242 1216 1356 1266 omnes

304 1339 393 1417 leges
420 1342 450 1400 te
490 1337 638 1399 exsulem
676 1351 748 1398 esse
783 1335 933 1413 iubeant,
971 1352 1039 1397 non
1075 1336 1139 1398 eris
1174 1339 1210 1398 tn
1239 1338 1357 1399 exsuli

304 1473 406 1537 Exsul
434 1490 502 1536 non
528 1473 711 1553 appelletur
737 1472 783 1548 is,
824 1472 878 1552 qni
906 1489 980 1534 cnm
1004 1472 1070 1534 telo
1096 1472 1220 1535 luerit?
1273 1476 1356 1537 llnte

234 1655 236 1658 .
304 1577 454 1675 senatum
479 1614 536 1674 tua
561 1610 630 1673 sica
656 1608 861 1689 deprehensa
887 1611 945 1670 est.
1010 1604 1076 1684 Qui
1103 1607 1271 1671 bominem
1298 1624 1356 1671 oc·

302 1749 439 1814 cideritt
490 1749 539 1812 Tu
565 1749 724 1830 plurimos
750 1747 908 1811 occidisti.
962 1744 1026 1824 Qui
1054 1746 1242 1812 incendium
1268 1748 1356 1811 lece-

302 1886 368 1950 rit‘l
420 1884 527 1949 Aedes
552 1883 780 1965 Nympharum
812 1901 913 1947 manu
947 1888 1003 1948 tua
1030 1884 1231 1964 deflagravit.
1292 1881 1357 1960 Qui

303 2023 425 2104 templa
456 2020 693 2102 occupaverit?
744 2020 783 2081 ln
816 2019 892 2083 foro
930 2023 1037 2084 eastra
1073 2021 1221 2101 posuisti.
1292 2018 1356 2084 Secl

304 2160 382 2240 quid
405 2175 469 2238 ego
492 2174 684 2222 communes
720 2159 809 2239 leges
844 2157 997 2239 protero,
1040 2158 1158 2238 quibus
1204 2157 1356 2220 omnibus
1383 2172 1418 2186 ‘⁴

303 2312 338 2358 es
365 2295 484 2358 exsuli
535 2293 823 2359 Familiarissimns
847 2300 921 2359 tuus
949 2293 989 2357 de
1016 2298 1047 2357 te
1073 2295 1279 2376 privilegium
1301 2299 1354 2357 tu-

303 2432 355 2511 lit,
381 2437 433 2512 nt,
458 2432 486 2496 si
513 2432 547 2496 in
571 2435 724 2515 opertum
747 2430 862 2497 Bonae
888 2429 980 2495 Deae
1006 2431 1221 2509 accessisses,
1256 2450 1355 2496 exsu-

302 2571 399 2633 lares.
461 2572 502 2632 At
539 2572 570 2631 te
605 2567 639 2630 id
663 2567 782 2631 iecisse
813 2568 913 2630 etiam
950 2566 1084 2646 gloriari
1117 2568 1214 2631 soles.
1281 2568 1356 2648 Quo

303 2698 405 2765 modo
428 2701 542 2780 igitur,
579 2706 628 2765 tot
653 2703 780 2781 legibus
813 2703 847 2766 in
874 2702 1027 2765 exsilium
1054 2669 1194 2782 eiectae,
1235 2723 1357 2770 nomen

304 2828 426 2901 exsulis
454 2852 521 2900 non
549 2836 798 2919 perhorrescis?
851 2837 998 2915 „Romae
1020 2843 1125 2918 snm“,
1151 2841 1265 2922 inquit.
1318 2839 1359 2903 Et

306 2974 437 3054 quidem
464 2977 497 3038 in
524 2981 642 3057 operto
664 2974 763 3037 inisti.
816 2973 894 3038 Non
921 2974 1028 3054 igitur,
1054 2977 1111 3039 ubi
1131 2978 1269 3059 quisque
1285 2976 1357 3050 erit,

305 3113 375 3176 eius
400 3111 466 3175 loci
502 3112 552 3175 ius
587 3112 728 3175 tenebit:
767 3112 794 3174 si
833 3111 878 3174 ibi
910 3129 985 3175 enm
1023 3114 1149 3193 legibus
1188 3130 1355 3187 essenon

306 3251 482 3333 oportebit.

367 3423 522 3484 ζὈτιπᾶς
540 3417 652 3496 (iopen
671 3427 849 3493 pateruae]
885 3421 963 3492 „⁰01⁶
984 3424 1078 3487 πάντες
1104 3431 1127 3480 οἷ
1154 3437 1237 3501 μωροὶ
1253 3439 1358 3493 patror-

303 3539 356 3571 ται.
398 3516 495 3569 Dixere
520 3514 571 3568 hoe
598 3515 707 3587 quidem
725 3514 827 3579 Stoici,
851 3526 877 3567 et
894 3535 949 3568 non
968 3515 1040 3569 idern
1066 3527 1175 3588 putatur
1199 3519 1279 3589 vulgo
1303 3539 1359 3579 μω-

304 3602 349 3676 pir
365 3600 429 3657 εἶναι
450 3612 476 3657 et
492 3605 657 3668 μαινόμενον,
677 3605 693 3656 i.
705 3623 728 3656 e.
747 3602 857 3656 stultum
877 3622 932 3656 esse
950 3615 976 3657 et
994 3604 1135 3658 furiosum.
1178 3603 1232 3659 Sed
1250 3603 1360 3675 elegan-

304 3692 356 3743 tior
378 3694 479 3744 Veneta
496 3690 671 3762 praescriptio
691 3690 808 3745 ridetur:
833 3684 874 3742 ire
899 3691 950 3747 πᾶς
975 3688 1215 3761 inperpetuum:
1241 3693 1295 3761 Qui
1312 3710 1358 3744 sa-

300 3779 378 3846 piens
397 3796 450 3829 non
469 3779 522 3832 sit,
540 3796 599 3830 eum
615 3779 742 3848 surere.“
761 3782 942 3833 Canrerar.
982 3779 1052 3847 „llic
1070 3799 1180 3852 qnoque
1197 3779 1359 3849 positionem

304 3864 402 3917 rnnlavi
422 3863 455 3916 de
473 3865 605 3917 celeribus
624 3864 712 3931 libris,
732 3878 758 3919 et
777 3867 812 3919 ila
829 3886 844 3919 a
863 3866 988 3938 Diogene
1016 3867 1145 3921 refertur:
1170 3866 1271 3923 πάντας
1294 3865 1359 3924 roric

304 3953 419 4020 ἄφρονας
437 3957 586 4011 μαίνεσθαι,
622 3953 669 4005 Est
688 3953 716 4004 in
735 3952 771 4005 lll
789 3952 942 4006 Tusculana
963 3974 992 4006 ex
1012 3953 1150 4007 Alcibiade
1173 3952 1266 4005 altero.
1313 3951 1356 4004 in-

303 4038 480 4093 radicantem
499 4038 541 4092 iric
560 4041 590 4092 Ρ.
611 4038 750 4107 Clodium,
778 4042 846 4095 sicut
864 4043 890 4094 in
913 4043 944 4094 ΙΙ.
963 4042 1103 4095 Paradoxo
1119 4039 1158 4092 bl.
1178 4039 1357 4095 Antoniunr.“

301 4125 333 4179 C.
353 4126 455 4198 Larrg.
502 4126 603 4194 [Locus
631 4127 761 4197 Diogenis
790 4129 889 4180 Laerlii
917 4142 955 4184 est
972 4130 1031 4182 Lib.
1046 4128 1103 4182 Vll.
1121 4126 1213 4199 Segm.
1235 4132 1295 4183 124.
1315 4129 1357 4183 ed.

301 4212 429 4267 Meibom.
449 4234 475 4286 p.
490 4217 551 4269 444.
568 4212 633 4285 ihiq.
656 4212 776 4285 Menagii
800 4214 878 4269 Obes.
907 4236 932 4288 p.
951 4219 1011 4272 309.
1046 4216 1263 4271 Tusculanarum
1282 4214 1357 4268 iocus
