3059 4925
308 458 381 534 176
646 487 818 534 rrunnoxn
843 474 1037 535 srorconuu.

309 649 347 699 les
364 645 538 698 adiuverunt.
589 643 682 696 Voluit
706 643 752 694 ille
778 654 901 695 uenatum
928 630 1090 714 interficere,
1118 666 1165 701 voe
1191 651 1361 705 sustulistie:

304 735 376 805 leges
390 732 541 784 incendere:
563 749 608 782 voe
632 730 803 800 abrogastis:
832 731 941 786 interire
966 734 1102 802 patriam,
1131 755 1178 788 roe
1205 739 1360 795 adiuvistie.

304 824 400 892 Xyst.
419 817 533 872 Betui.
552 817 651 885 [Locus
669 817 753 871 estin
773 817 823 871 Or.
840 819 868 871 in
887 818 977 871 Pison.
996 838 1020 874 c.
1039 822 1087 888 ἵ.].
1104 850 1140 861 -
1176 822 1310 878 Scribitur
1327 826 1356 878 in
1396 836 1399 839 ’

304 909 355 963 Ox.
375 927 399 961 o·
418 907 468 960 reli
475 923 562 977 quae
586 907 809 981 coniurationes·
845 906 941 959 Dresd.
958 911 984 961 4.
1003 907 1101 962 omittit
1118 928 1145 965 a.
1166 910 1246 964 Drsd.
1260 916 1286 966 5.
1310 912 1358 966 lra-

305 1001 350 1052 bet
368 1014 401 1048 ae
431 995 565 1047 Catilinae
582 995 690 1065 suriae.
736 995 815 1048 Drsd.
835 999 862 1051 1.
890 996 1055 1060 catellinae,
1079 995 1139 1050 Cre.
1156 1002 1181 1051 2.
1211 1001 1358 1064 Gatheline‚

305 1085 376 1139 Gud.
397 1084 429 1138 Α.
448 1082 583 1135 cateline:
611 1082 682 1135 idem
702 1083 801 1136 omittit
818 1083 907 1135 scelus
919 1083 1104 1155 furoremque.
1141 1084 1222 1138 Drsd.
1241 1090 1268 1140 ⁵.
1295 1105 1359 1138 eon-

305 1174 395 1227 verei.
430 1171 481 1225 Ox.
491 1170 522 1224 E.
541 1190 683 1223 conuersae
701 1181 794 1226 eunt.
833 1169 946 1224 Confert
963 1170 1045 1241 Borg.
1064 1169 1155 1225 Or.in
1168 1172 1259 1226 Pion.
1279 1185 1357 1228 extu:

304 1259 384 1329 Quod
399 1258 508 1310 eundern
529 1275 680 1310 monumen
698 1258 883 1310 intermortuis
902 1259 1086 1311 Catilinae
1105 1260 1172 1311 reli
1179 1261 1256 1331 quii
1262 1280 1276 1313 s
1294 1280 1358 1313 con-

305 1348 428 1400 citastis:
447 1344 508 1400 coll.
527 1364 551 1399 c.
571 1348 596 1399 9.
616 1355 642 1399 et
660 1350 703 1398 10.
728 1355 754 1398 et
774 1365 823 1416 pro
842 1343 908 1399 Sest.
929 1348 972 1399 19.
1019 1346 1112 1397 Scelere
1136 1356 1163 1398 et
1185 1347 1271 1417 saror
1294 1347 1357 1400 iun·

308 1445 409 1506 guntur
427 1436 485 1487 Get.
506 1435 525 1499 l,
545 1435 570 1487 6.
598 1452 649 1505 pro
675 1431 742 1486 Sest.
761 1436 787 1486 6.
814 1431 883 1485 Phil.
900 1434 934 1499 X,
953 1436 983 1488 3:
1012 1452 1082 1506 quae
1108 1432 1222 1506 legiones
1245 1436 1291 1486 ille
1317 1436 1357 1486 ab

306 1522 422 1576 Antonii
439 1521 572 1574 ecelere
589 1523 738 1574 avertit.
779 1520 839 1573 ΜΓ.

376 1629 429 1662 non
447 1610 545 1662 civitas
562 1610 643 1677 erat]
681 1609 768 1663 codd.
787 1608 837 1663 010
857 1609 876 1662 Ι.
896 1620 922 1664 et
945 1607 1004 1663 Cre.
1025 1613 1050 1665 1.
1074 1630 1126 1663 non
1142 1612 1261 1683 igitur
1290 1613 1355 1664 ciui-

306 1710 351 1752 toe
368 1709 438 1753 erat.
473 1697 553 1751 Drsd.
563 1702 589 1751 2.
606 1716 658 1750 non
674 1698 773 1748 civitas
790 1707 893 1752 esset.
930 1696 1003 1750 Gud.
1014 1698 1048 1751 A.
1065 1717 1118 1750 non
1129 1709 1190 1749 erat
1208 1700 1355 1752 civitas.-

306 1791 337 1840 N
341 1808 392 1840 um
410 1788 508 1839 ciritae
525 1784 611 1837 erat?
629 1784 709 1839 duo.“
729 1784 803 1838 ΑΜ.
822 1784 911 1858 Men.
947 1784 1053 1839 Habent
1070 1784 1136 1838 illud
1154 1805 1218 1837 num
1235 1805 1286 1857 pro
1304 1805 1357 1837 non

305 1876 373 1929 Edd.
390 1872 464 1931 Cret.
482 1873 572 1943 Magn.
589 1871 663 1925 Men.
683 1892 713 1924 ex
732 1872 830 1925 nostris
849 1872 910 1924 Par.
928 1872 1355 1928 s.a.et1543.Sturm.Lambb.
1428 1888 1431 1893 ’

306 1963 387 2017 Goth.
405 1962 474 2015 Aud.
493 1961 551 2015 Tel.
571 1958 623 2014 tres
643 1957 722 2012 Atdd.
739 1959 826 2012 Herw.
844 1961 951 2012 Gemer.
970 1962 1031 2014 Asc·
1050 1963 1130 2016 1511.
1140 1971 1166 2013 et
1184 1964 1262 2014 1520.
1279 1961 1358 2013 Boot.

306 2054 368 2105 Car.
387 2050 478 2121 steph.
496 2048 602 2102 Mireris
620 2058 726 2112 nutem,
752 2046 781 2099 in
808 2056 935 2116 quattuor
961 2045 1029 2100 Edd.
1053 2046 1132 2102 Grut.
1156 2045 1244 2100 Gron.
1260 2044 1357 2104 Graev,

306 2138 371 2192 Ern.
391 2149 430 2204 et,
459 2155 527 2208 quae
545 2136 580 2188 eb
601 2134 633 2187 iis
651 2134 783 2206 pendent,
810 2135 892 2189 Verb.
912 2135 1000 2189 Wete.
1026 2135 1148 2206 adeoque
1165 2132 1283 2188 Sohuteii
1300 2134 1358 2187 edi·

305 2227 393 2291 tione,
428 2242 497 2295 quae
526 2241 619 2276 omnes
644 2222 743 2276 habent
768 2241 833 2288 non,
867 2234 957 2277 tamen
984 2222 1013 2276 in
1031 2222 1085 2276 fine
1103 2242 1159 2277 erse
1176 2220 1357 2292 interrogandi

309 2312 429 2383 signum,
445 2312 522 2383 quasi
541 2321 685 2365 servassent
702 2331 775 2367 narn.
812 2311 872 2366 Mr.

376 2405 476 2474 Itaque
491 2401 588 2471 pulsus·
606 2419 655 2472 ego
673 2401 787 2451 civitate
803 2420 856 2453 non
874 2403 961 2470 eum,]
982 2400 1070 2453 Verba
1089 2402 1189 2471 Itaque
1205 2398 1303 2468 pnleue
1320 2424 1354 2434 -

306 2490 460 2544 nnllaerat
480 2489 633 2556 exciderunt
652 2490 679 2543 in
700 2488 787 2543 Codd.
803 2487 862 2543 Cre.
880 2495 906 2544 2.
926 2502 952 2544 et
970 2488 1021 2543 Or.
1038 2488 1070 2542 N.
1096 2488 1215 2558 itemque
1236 2486 1307 2539 Gud.
1325 2486 1357 2538 Α.

306 2576 336 2629 ln
357 2576 463 2629 Suerin.
482 2588 520 2630 est
536 2581 637 2649 Itaque
653 2578 750 2647 pulsus
768 2598 817 2649 ego
835 2598 888 2630 non
906 2598 965 2630 eum
984 2578 1096 2629 civitate
1106 2596 1115 2635 ς
1134 2574 1163 2627 in
1182 2572 1242 2626 Cre.
1260 2577 1286 2627 1.
1299 2574 1357 2624 ita-

307 2681 358 2734 que
372 2663 472 2732 puleue
487 2683 540 2715 non
558 2684 617 2716 sum
635 2684 684 2734 ego
712 2665 843 2728 eivitate5
867 2667 896 2719 in
914 2666 995 2719 Drsd.
1014 2669 1042 2719 4.
1068 2682 1117 2735 ego
1140 2679 1155 2712 e
1179 2661 1298 2714 civitate
1321 2691 1355 2700 —

307 2748 389 2815 Quod
410 2748 435 2803 h.
455 2748 471 2802 Ι.
490 2767 518 2801 ee
535 2750 646 2802 civitate
664 2770 718 2804 non
735 2771 792 2805 esee
815 2755 925 2825 pulsum
943 2752 1022 2818 dicit,
1046 2767 1108 2805 eum
1134 2761 1221 2804 tamen
1247 2747 1276 2799 in
1302 2749 1357 2801 exi-

307 2834 372 2889 lium
391 2835 502 2903 abierit,
527 2848 590 2891 cum
610 2857 642 2891 eo
660 2840 800 2905 convenit,
826 2841 899 2912 quod
917 2840 988 2894 idem
1008 2839 1113 2893 erilium
1132 2836 1193 2890 aiibi
1220 2835 1285 2889 dicit
1302 2837 1357 2887 ‹iis-

307 2942 409 2977 ceesum
426 2944 521 2987 rnnm5
540 2926 593 2980 vid.
610 2924 661 2980 Or.
683 2946 734 2998 pro
751 2926 819 2981 Sest.
837 2932 880 2981 22.
899 2957 934 2967 -
988 2926 1071 2995 Quod
1098 2926 1178 2980 habet
1197 2923 1222 2976 h.
1249 2923 1267 2979 l.
1288 2922 1356 2977 Cod.

306 3012 401 3067 Duisb.
437 3017 485 3064 Ita
504 3032 568 3085 ego,
586 3014 612 3065 id
631 3033 658 3067 se
677 3015 817 3085 praeferre
841 3016 871 3068 in
890 3014 959 3069 Add.
978 3015 1041 3068 dixit
1059 3011 1178 3079 Geruli,
1196 3011 1258 3083 quia
1277 3029 1358 3082 supe·

307 3100 378 3153 riora
409 3099 478 3153 hone
499 3100 914 3173 sententiampraepararerint,
941 3102 1085 3173 laudatque
1102 3120 1178 3154 enam
1205 3111 1296 3153 annot.
1322 3099 1356 3152 ad

307 3184 388 3241 Offrc.
406 3185 427 3253 l,
446 3191 471 3253 2,
490 3191 521 3253 6,
541 3188 567 3240 id
588 3207 631 3241 me
650 3188 758 3260 quidem
778 3210 835 3244 nou
854 3190 938 3263 magis
956 3209 1037 3263 quem
1056 3189 1190 3242 Orellium
1216 3186 1356 3259 permovit,

307 3285 336 3328 ut
357 3275 436 3327 unius
453 3274 513 3327 libri
532 3275 705 3348 scriptionem
733 3298 790 3332 non
818 3279 913 3351 optimi
938 3278 1102 3350 praeferrem
1129 3276 1267 3347 ecriptioni
1293 3275 1357 3329 reli-

307 3381 423 3433 quorum
453 3364 583 3416 omnium·
630 3362 712 3431 Quod
737 3385 799 3418 vero
825 3365 850 3418 h.
879 3366 895 3419 Ι.
921 3377 947 3419 et
976 3363 1161 3437 compluribus
1188 3362 1245 3415 attis
1270 3359 1360 3415 laudat

307 3449 465 3503 Anemoecii
483 3450 627 3503 editionem
642 3450 709 3518 0r.‚
732 3453 758 3504 id
778 3452 811 3505 de
825 3471 884 3506 vera
899 3463 925 3506 et
939 3452 1025 3524 prima
1044 3470 1129 3523 eoque
1145 3449 1263 3522 genuina
1284 3448 1359 3501 Ane-

307 3537 403 3590 moeeii
418 3537 533 3590 editione
545 3538 596 3592 diei
607 3557 661 3591 non
681 3550 775 3611 potest,
796 3560 858 3593 cum
877 3561 906 3595 ee
918 3541 1006 3595 Editio
1024 3540 1089 3594 nihil
1101 3540 1197 3593 habear
1209 3537 1259 3591 nisi
1277 3537 1359 3596 libros

307 3623 341 3676 de
358 3623 479 3690 Officiis,
506 3645 594 3698 neque
612 3625 677 3679 alios
695 3627 819 3682 habuerit
837 3627 894 3682 eius
912 3628 1019 3695 Codex,
1049 3627 1122 3681 unde
1146 3625 1186 3679 itti
1211 3624 1273 3677 libri
1298 3633 1360 3676 eunt

308 3711 447 3783 descripti:
466 3712 517 3767 vid.
537 3714 619 3785 ipsius
637 3713 806 3770 Onomastici
823 3716 895 3771 Part.
915 3714 935 3768 l.
962 3735 989 3788 p.
1007 3718 1120 3786 ttnysq.
1164 3712 1219 3765 Sed
1237 3710 1360 3764 sumsisse

309 3797 421 3863 ridetur,
448 3799 476 3852 id
493 3801 565 3871 quod
590 3802 618 3854 in
636 3802 794 3869 Paradorie‚
821 3805 878 3857 Cat.
906 3804 969 3857 mai.
992 3814 1017 3857 et
1034 3802 1123 3856 Laelio
1147 3801 1181 3853 de
1201 3797 1358 3853 Anemoecii

308 3885 430 3941 editionis
453 3887 612 3943 lectionibus
641 3890 735 3957 refert,
762 3911 792 3943 ex
816 3890 985 3945 Editionibue
1010 3888 1175 3954 Ger-hardi,
1202 3885 1247 3956 qui
1265 3882 1359 3936 habuit

309 3973 459 4029 Editionem
471 3996 526 4031 non
536 3978 624 4031 minus
633 3978 957 4034 Pseudonnemoecianam
966 3977 1076 4050 (Colon.
1090 3975 1204 4047 Agripp.
1213 3974 1292 4027 1563.
1309 3970 1358 4038 8.),

309 4081 406 4133 qnam,
425 4084 494 4136 quoe
510 4065 546 4119 ita
564 4065 715 4136 appellatur
732 4066 792 4122 loco
811 4066 882 4122 laud.
901 4087 928 4154 p.
947 4069 1009 4123 351.
1028 4067 1062 4120 ab
1081 4062 1185 4119 Orellio
1201 4061 1276 4132 ipso,
1305 4057 1359 4111 Be-

308 4149 425 4206 sileeneis
442 4171 485 4223 ep.
503 4152 537 4205 N.
553 4151 742 4224 Brylingernm
761 4175 786 4208 a.
810 4158 889 4209 1560.
910 4160 935 4209 8.
962 4154 1039 4209 edite.
1090 4154 1163 4204 Vere
1189 4148 1272 4219 igitur
1297 4146 1359 4199 insit

308 4235 334 4288 h.
353 4237 370 4289 Ι.
389 4237 416 4291 ἰη
436 4237 480 4291 illa
499 4236 548 4292 Ed.
565 4239 605 4307 (et
623 4240 650 4291 iu
670 4240 753 4309 Hub.)
772 4260 841 4314 qnae
857 4252 926 4297 tunt
944 4242 1037 4296 nulla:
1062 4249 1136 4296 certe
1154 4257 1185 4291 ea
1203 4235 1283 4291 lectio
1300 4252 1356 4286 nou
