<?xml version="1.0" encoding="UTF-8"?>
<!DOCTYPE html PUBLIC "-//W3C//DTD XHTML 1.0 Transitional//EN"
    "http://www.w3.org/TR/xhtml1/DTD/xhtml1-transitional.dtd">
<html xmlns="http://www.w3.org/1999/xhtml" xml:lang="en" lang="en">
 <head>
  <title>
</title>
<meta http-equiv="Content-Type" content="text/html;charset=utf-8" />
  <meta name='ocr-system' content='tesseract 3.04.00' />
  <meta name='ocr-capabilities' content='ocr_page ocr_carea ocr_par ocr_line ocrx_word'/>
</head>
<body>
  <div class='ocr_page' id='page_1' title='image "./paradoxa01wyttgoog_0381.png"; bbox 0 0 3059 4925; ppageno 0'>
   <div class='ocr_carea' id='block_1_1' title="bbox 533 460 1251 541">
    <p class='ocr_par' dir='ltr' id='par_1_1' title="bbox 533 460 1251 541">
     <span class='ocr_line' id='line_1_1' title="bbox 533 460 1251 541; baseline 0.017 -19"><span class='ocrx_word' id='word_1_1' title='bbox 533 478 574 523; x_wconf 71' lang='lat' dir='ltr'>ao</span> <span class='ocrx_word' id='word_1_2' title='bbox 603 477 799 524; x_wconf 71' lang='lat' dir='ltr'>rausuoxon</span> <span class='ocrx_word' id='word_1_3' title='bbox 820 481 863 541; x_wconf 79' lang='lat' dir='ltr'>tv,</span> <span class='ocrx_word' id='word_1_4' title='bbox 887 476 912 527; x_wconf 84' lang='lat'>1.</span> <span class='ocrx_word' id='word_1_5' title='bbox 1176 460 1251 534; x_wconf 82' lang='grc'>339</span> 
     </span>
    </p>
   </div>
   <div class='ocr_carea' id='block_1_2' title="bbox 199 638 1293 1139">
    <p class='ocr_par' dir='ltr' id='par_1_2' title="bbox 199 638 1293 1139">
     <span class='ocr_line' id='line_1_2' title="bbox 201 638 1293 708; baseline 0.01 -20"><span class='ocrx_word' id='word_1_6' title='bbox 201 642 331 690; x_wconf 76' lang='lat' dir='ltr'>Insanum</span> <span class='ocrx_word' id='word_1_7' title='bbox 349 656 428 690; x_wconf 80' lang='lat' dir='ltr'>essa</span> <span class='ocrx_word' id='word_1_8' title='bbox 446 638 652 690; x_wconf 86' lang='lat' dir='ltr'>rationibus</span> <span class='ocrx_word' id='word_1_9' title='bbox 669 639 840 703; x_wconf 78' lang='lat' dir='ltr'>arincam,</span> <span class='ocrx_word' id='word_1_10' title='bbox 869 640 928 708; x_wconf 89' lang='lat' dir='ltr'>(seu</span> <span class='ocrx_word' id='word_1_11' title='bbox 947 641 1102 708; x_wconf 77' lang='lat' dir='ltr'>adrias-am,</span> <span class='ocrx_word' id='word_1_12' title='bbox 1126 664 1171 697; x_wconf 90' lang='lat' dir='ltr'>seu</span> <span class='ocrx_word' id='word_1_13' title='bbox 1191 647 1250 698; x_wconf 79' lang='lat' dir='ltr'>vin·</span> <span class='ocrx_word' id='word_1_14' title='bbox 1290 642 1293 648; x_wconf 37' lang='lat'><strong><em>¹</em></strong></span> 
     </span>
     <span class='ocr_line' id='line_1_3' title="bbox 201 723 1249 804; baseline 0.011 -28"><span class='ocrx_word' id='word_1_15' title='bbox 201 731 272 788; x_wconf 79' lang='lat' dir='ltr'>casn)</span> <span class='ocrx_word' id='word_1_16' title='bbox 290 725 455 777; x_wconf 81' lang='lat' dir='ltr'>necessariis.</span> <span class='ocrx_word' id='word_1_17' title='bbox 502 723 692 780; x_wconf 75' lang='lat' dir='ltr'>coniecturam</span> <span class='ocrx_word' id='word_1_18' title='bbox 713 745 800 779; x_wconf 87' lang='lat' dir='ltr'>meam</span> <span class='ocrx_word' id='word_1_19' title='bbox 829 726 953 780; x_wconf 79' lang='lat' dir='ltr'>adiuvant</span> <span class='ocrx_word' id='word_1_20' title='bbox 971 730 1049 783; x_wconf 84' lang='lat' dir='ltr'>rerba</span> <span class='ocrx_word' id='word_1_21' title='bbox 1077 732 1148 797; x_wconf 87' lang='lat' dir='ltr'>eius,</span> <span class='ocrx_word' id='word_1_22' title='bbox 1177 736 1249 804; x_wconf 89' lang='lat' dir='ltr'>quod</span> 
     </span>
     <span class='ocr_line' id='line_1_4' title="bbox 202 812 1250 893; baseline 0.01 -29"><span class='ocrx_word' id='word_1_23' title='bbox 202 812 321 882; x_wconf 78' lang='lat' dir='ltr'>proxime</span> <span class='ocrx_word' id='word_1_24' title='bbox 337 812 473 883; x_wconf 85' lang='lat' dir='ltr'>sequitur,</span> <span class='ocrx_word' id='word_1_25' title='bbox 500 812 625 883; x_wconf 77' lang='lat' dir='ltr'>paradoxi</span> <span class='ocrx_word' id='word_1_26' title='bbox 643 824 774 868; x_wconf 77' lang='lat' dir='ltr'>extrema:</span> <span class='ocrx_word' id='word_1_27' title='bbox 802 833 862 867; x_wconf 88' lang='lat' dir='ltr'>cam</span> <span class='ocrx_word' id='word_1_28' title='bbox 885 833 946 867; x_wconf 87' lang='lat' dir='ltr'>eum</span> <span class='ocrx_word' id='word_1_29' title='bbox 964 835 998 869; x_wconf 84' lang='lat' dir='ltr'>ns</span> <span class='ocrx_word' id='word_1_30' title='bbox 1016 817 1128 872; x_wconf 85' lang='lat' dir='ltr'>liberam</span> <span class='ocrx_word' id='word_1_31' title='bbox 1145 823 1250 893; x_wconf 80' lang='lat' dir='ltr'>quidem</span> 
     </span>
     <span class='ocr_line' id='line_1_5' title="bbox 199 900 1250 977; baseline 0.01 -27"><span class='ocrx_word' id='word_1_32' title='bbox 199 918 256 952; x_wconf 79' lang='lat' dir='ltr'>csse</span> <span class='ocrx_word' id='word_1_33' title='bbox 274 902 347 953; x_wconf 85' lang='lat' dir='ltr'>ratio</span> <span class='ocrx_word' id='word_1_34' title='bbox 363 911 392 951; x_wconf 80' lang='lat' dir='ltr'>ct</span> <span class='ocrx_word' id='word_1_35' title='bbox 411 901 514 953; x_wconf 78' lang='lat' dir='ltr'>veritas</span> <span class='ocrx_word' id='word_1_36' title='bbox 532 900 594 970; x_wconf 79' lang='lat' dir='ltr'>ipsa</span> <span class='ocrx_word' id='word_1_37' title='bbox 611 901 763 957; x_wconf 80' lang='lat' dir='ltr'>convincat.</span> <span class='ocrx_word' id='word_1_38' title='bbox 800 901 856 954; x_wconf 85' lang='lat' dir='ltr'>lam</span> <span class='ocrx_word' id='word_1_39' title='bbox 875 902 948 972; x_wconf 82' lang='lat' dir='ltr'>quod</span> <span class='ocrx_word' id='word_1_40' title='bbox 967 904 1119 959; x_wconf 78' lang='lat' dir='ltr'>ratiambas</span> <span class='ocrx_word' id='word_1_41' title='bbox 1138 925 1188 977; x_wconf 85' lang='lat' dir='ltr'>pro</span> <span class='ocrx_word' id='word_1_42' title='bbox 1207 927 1250 961; x_wconf 84' lang='lat' dir='ltr'>rs-</span> 
     </span>
     <span class='ocr_line' id='line_1_6' title="bbox 202 981 1250 1066; baseline 0.012 -29"><span class='ocrx_word' id='word_1_43' title='bbox 202 985 251 1038; x_wconf 84' lang='lat' dir='ltr'>bns</span> <span class='ocrx_word' id='word_1_44' title='bbox 269 988 310 1039; x_wconf 79' lang='lat' dir='ltr'>cdi</span> <span class='ocrx_word' id='word_1_45' title='bbox 329 987 407 1054; x_wconf 88' lang='lat' dir='ltr'>iussi,</span> <span class='ocrx_word' id='word_1_46' title='bbox 426 1006 482 1040; x_wconf 91' lang='lat' dir='ltr'>non</span> <span class='ocrx_word' id='word_1_47' title='bbox 500 986 593 1040; x_wconf 84' lang='lat' dir='ltr'>videor</span> <span class='ocrx_word' id='word_1_48' title='bbox 613 987 693 1042; x_wconf 88' lang='lat' dir='ltr'>nimis</span> <span class='ocrx_word' id='word_1_49' title='bbox 710 987 792 1059; x_wconf 76' lang='lat' dir='ltr'>longe</span> <span class='ocrx_word' id='word_1_50' title='bbox 809 989 945 1044; x_wconf 76' lang='lat' dir='ltr'>discedere</span> <span class='ocrx_word' id='word_1_51' title='bbox 961 1010 976 1043; x_wconf 88' lang='lat' dir='ltr'>a</span> <span class='ocrx_word' id='word_1_52' title='bbox 994 991 1124 1063; x_wconf 84' lang='lat' dir='ltr'>scriptura</span> <span class='ocrx_word' id='word_1_53' title='bbox 1136 981 1250 1066; x_wconf 75' lang='lat' dir='ltr'>recepta.</span> 
     </span>
     <span class='ocr_line' id='line_1_7' title="bbox 201 1067 1248 1139; baseline 0.01 -12"><span class='ocrx_word' id='word_1_54' title='bbox 201 1075 269 1128; x_wconf 82' lang='lat' dir='ltr'>Nam</span> <span class='ocrx_word' id='word_1_55' title='bbox 287 1074 365 1128; x_wconf 78' lang='lat' dir='ltr'>rebus</span> <span class='ocrx_word' id='word_1_56' title='bbox 376 1073 483 1130; x_wconf 76' lang='lat' dir='ltr'>&#39;lactum</span> <span class='ocrx_word' id='word_1_57' title='bbox 502 1077 614 1129; x_wconf 79' lang='lat' dir='ltr'>fortasse</span> <span class='ocrx_word' id='word_1_58' title='bbox 631 1088 669 1131; x_wconf 86' lang='lat' dir='ltr'>est</span> <span class='ocrx_word' id='word_1_59' title='bbox 685 1096 715 1131; x_wconf 82' lang='lat' dir='ltr'>es</span> <span class='ocrx_word' id='word_1_60' title='bbox 733 1067 840 1131; x_wconf 66' lang='lat' dir='ltr'>acribus:</span> <span class='ocrx_word' id='word_1_61' title='bbox 864 1071 954 1132; x_wconf 69' lang='lat' dir='ltr'>titius</span> <span class='ocrx_word' id='word_1_62' title='bbox 971 1085 1068 1134; x_wconf 61' lang='lat' dir='ltr'>‘autem</span> <span class='ocrx_word' id='word_1_63' title='bbox 1087 1101 1117 1134; x_wconf 84' lang='lat' dir='ltr'>es</span> <span class='ocrx_word' id='word_1_64' title='bbox 1135 1087 1248 1139; x_wconf 83' lang='lat' dir='ltr'>rationi·</span> 
     </span>
    </p>
   </div>
   <div class='ocr_carea' id='block_1_3' title="bbox 114 1162 1247 1240">
    <p class='ocr_par' dir='ltr' id='par_1_3' title="bbox 114 1162 1247 1240">
     <span class='ocr_line' id='line_1_8' title="bbox 114 1162 1247 1240; baseline 0.013 -29"><span class='ocrx_word' id='word_1_65' title='bbox 114 1228 126 1236; x_wconf 31' lang='grc' dir='ltr'>ί</span> <span class='ocrx_word' id='word_1_66' title='bbox 201 1162 259 1215; x_wconf 85' lang='lat' dir='ltr'>bas.</span> <span class='ocrx_word' id='word_1_67' title='bbox 295 1162 325 1217; x_wconf 83' lang='lat' dir='ltr'>si</span> <span class='ocrx_word' id='word_1_68' title='bbox 343 1164 403 1236; x_wconf 86' lang='lat' dir='ltr'>quis</span> <span class='ocrx_word' id='word_1_69' title='bbox 419 1175 509 1218; x_wconf 75' lang='lat' dir='ltr'>tamma</span> <span class='ocrx_word' id='word_1_70' title='bbox 528 1164 606 1217; x_wconf 82' lang='lat' dir='ltr'>redas</span> <span class='ocrx_word' id='word_1_71' title='bbox 625 1165 741 1220; x_wconf 89' lang='lat' dir='ltr'>retinere</span> <span class='ocrx_word' id='word_1_72' title='bbox 768 1166 851 1233; x_wconf 82' lang='lat' dir='ltr'>volet,</span> <span class='ocrx_word' id='word_1_73' title='bbox 870 1185 926 1221; x_wconf 90' lang='lat' dir='ltr'>non</span> <span class='ocrx_word' id='word_1_74' title='bbox 946 1169 1131 1240; x_wconf 71' lang='lat' dir='ltr'>repugnabo.“</span> <span class='ocrx_word' id='word_1_75' title='bbox 1156 1172 1247 1227; x_wconf 80' lang='lat' dir='ltr'>barn·</span> 
     </span>
    </p>
   </div>
   <div class='ocr_carea' id='block_1_4' title="bbox 199 1250 1248 1940">
    <p class='ocr_par' dir='ltr' id='par_1_4' title="bbox 201 1250 313 1304">
     <span class='ocr_line' id='line_1_9' title="bbox 201 1250 313 1304; baseline 0.018 -2"><span class='ocrx_word' id='word_1_76' title='bbox 201 1250 313 1304; x_wconf 87' lang='lat' dir='ltr'>binus.</span> 
     </span>
    </p>

    <p class='ocr_par' dir='ltr' id='par_1_5' title="bbox 200 1321 1248 1480">
     <span class='ocr_line' id='line_1_10' title="bbox 271 1321 1248 1414; baseline 0.01 -23"><span class='ocrx_word' id='word_1_77' title='bbox 271 1339 321 1405; x_wconf 92' lang='lat' dir='ltr'>„ln</span> <span class='ocrx_word' id='word_1_78' title='bbox 335 1337 394 1392; x_wconf 81' lang='lat' dir='ltr'>MS.</span> <span class='ocrx_word' id='word_1_79' title='bbox 411 1349 451 1392; x_wconf 84' lang='lat' dir='ltr'>est</span> <span class='ocrx_word' id='word_1_80' title='bbox 467 1339 623 1403; x_wconf 83' lang='lat' dir='ltr'>advincam,</span> <span class='ocrx_word' id='word_1_81' title='bbox 642 1359 692 1411; x_wconf 92' lang='lat' dir='ltr'>pro</span> <span class='ocrx_word' id='word_1_82' title='bbox 712 1360 767 1411; x_wconf 89' lang='lat' dir='ltr'>quo</span> <span class='ocrx_word' id='word_1_83' title='bbox 791 1341 893 1396; x_wconf 85' lang='lat' dir='ltr'>amicus</span> <span class='ocrx_word' id='word_1_84' title='bbox 907 1321 992 1396; x_wconf 84' lang='lat' dir='ltr'>¹meus</span> <span class='ocrx_word' id='word_1_85' title='bbox 1015 1346 1162 1414; x_wconf 77' lang='lat' dir='ltr'>reponebat</span> <span class='ocrx_word' id='word_1_86' title='bbox 1186 1367 1248 1401; x_wconf 85' lang='lat' dir='ltr'>can·</span> 
     </span>
     <span class='ocr_line' id='line_1_11' title="bbox 200 1425 631 1480; baseline 0.005 -3"><span class='ocrx_word' id='word_1_87' title='bbox 200 1427 333 1479; x_wconf 81' lang='lat' dir='ltr'>vincam.“</span> <span class='ocrx_word' id='word_1_88' title='bbox 368 1426 459 1480; x_wconf 83' lang='lat' dir='ltr'>Fulv.</span> <span class='ocrx_word' id='word_1_89' title='bbox 477 1425 631 1479; x_wconf 87' lang='lat' dir='ltr'>Ursinus.</span> 
     </span>
    </p>

    <p class='ocr_par' dir='ltr' id='par_1_6' title="bbox 199 1513 1248 1835">
     <span class='ocr_line' id='line_1_12' title="bbox 270 1513 1248 1591; baseline 0.011 -24"><span class='ocrx_word' id='word_1_90' title='bbox 270 1514 351 1580; x_wconf 87' lang='lat' dir='ltr'>„Non</span> <span class='ocrx_word' id='word_1_91' title='bbox 370 1513 491 1586; x_wconf 82' lang='lat' dir='ltr'>displicet</span> <span class='ocrx_word' id='word_1_92' title='bbox 509 1514 567 1568; x_wconf 90' lang='lat' dir='ltr'>eius</span> <span class='ocrx_word' id='word_1_93' title='bbox 583 1514 751 1580; x_wconf 83' lang='lat' dir='ltr'>coniectura,</span> <span class='ocrx_word' id='word_1_94' title='bbox 779 1517 825 1589; x_wconf 87' lang='lat' dir='ltr'>qui</span> <span class='ocrx_word' id='word_1_95' title='bbox 844 1518 994 1571; x_wconf 78' lang='lat' dir='ltr'>rationibus</span> <span class='ocrx_word' id='word_1_96' title='bbox 1017 1519 1160 1591; x_wconf 71' lang='lat' dir='ltr'>legendum</span> <span class='ocrx_word' id='word_1_97' title='bbox 1183 1542 1248 1577; x_wconf 86' lang='lat' dir='ltr'>cen·</span> 
     </span>
     <span class='ocr_line' id='line_1_13' title="bbox 199 1601 1247 1676; baseline 0.009 -20"><span class='ocrx_word' id='word_1_98' title='bbox 199 1613 253 1669; x_wconf 84' lang='lat' dir='ltr'>set,</span> <span class='ocrx_word' id='word_1_99' title='bbox 274 1622 325 1674; x_wconf 87' lang='lat' dir='ltr'>pro</span> <span class='ocrx_word' id='word_1_100' title='bbox 339 1601 426 1656; x_wconf 77' lang='lat' dir='ltr'>rebus.</span> <span class='ocrx_word' id='word_1_101' title='bbox 470 1603 524 1655; x_wconf 88' lang='lat' dir='ltr'>Pro</span> <span class='ocrx_word' id='word_1_102' title='bbox 541 1601 665 1654; x_wconf 85' lang='lat' dir='ltr'>addicam</span> <span class='ocrx_word' id='word_1_103' title='bbox 683 1602 746 1657; x_wconf 87' lang='lat' dir='ltr'>item</span> <span class='ocrx_word' id='word_1_104' title='bbox 765 1603 808 1656; x_wconf 85' lang='lat' dir='ltr'>alii</span> <span class='ocrx_word' id='word_1_105' title='bbox 828 1604 920 1676; x_wconf 71' lang='lat' dir='ltr'>legunt</span> <span class='ocrx_word' id='word_1_106' title='bbox 944 1606 1079 1658; x_wconf 76' lang='lat' dir='ltr'><em>adducam</em></span> <span class='ocrx_word' id='word_1_107' title='bbox 1103 1609 1120 1660; x_wconf 83' lang='lat' dir='ltr'>i.</span> <span class='ocrx_word' id='word_1_108' title='bbox 1139 1629 1162 1662; x_wconf 89' lang='lat' dir='ltr'>e.</span> <span class='ocrx_word' id='word_1_109' title='bbox 1180 1630 1247 1665; x_wconf 84' lang='lat' dir='ltr'>can·</span> 
     </span>
     <span class='ocr_line' id='line_1_14' title="bbox 201 1689 1247 1764; baseline 0.011 -24"><span class='ocrx_word' id='word_1_110' title='bbox 201 1690 317 1756; x_wconf 81' lang='lat' dir='ltr'>vincam,</span> <span class='ocrx_word' id='word_1_111' title='bbox 337 1690 376 1744; x_wconf 87' lang='lat' dir='ltr'>rel</span> <span class='ocrx_word' id='word_1_112' title='bbox 395 1689 523 1755; x_wconf 83' lang='lat' dir='ltr'>efficiam,</span> <span class='ocrx_word' id='word_1_113' title='bbox 543 1689 647 1761; x_wconf 85' lang='lat' dir='ltr'>utipse</span> <span class='ocrx_word' id='word_1_114' title='bbox 664 1690 770 1744; x_wconf 82' lang='lat' dir='ltr'>fatearis</span> <span class='ocrx_word' id='word_1_115' title='bbox 788 1702 813 1744; x_wconf 90' lang='lat' dir='ltr'>te</span> <span class='ocrx_word' id='word_1_116' title='bbox 830 1691 954 1746; x_wconf 78' lang='lat' dir='ltr'>insanire.</span> <span class='ocrx_word' id='word_1_117' title='bbox 990 1691 1044 1746; x_wconf 83' lang='lat' dir='ltr'>Sed</span> <span class='ocrx_word' id='word_1_118' title='bbox 1063 1694 1149 1764; x_wconf 82' lang='lat' dir='ltr'>placet</span> <span class='ocrx_word' id='word_1_119' title='bbox 1167 1697 1247 1752; x_wconf 81' lang='lat' dir='ltr'>Lam·</span> 
     </span>
     <span class='ocr_line' id='line_1_15' title="bbox 200 1776 1109 1835; baseline 0 -2"><span class='ocrx_word' id='word_1_120' title='bbox 200 1781 257 1833; x_wconf 87' lang='lat' dir='ltr'>bini</span> <span class='ocrx_word' id='word_1_121' title='bbox 276 1779 371 1834; x_wconf 78' lang='lat' dir='ltr'>editio:</span> <span class='ocrx_word' id='word_1_122' title='bbox 389 1776 552 1829; x_wconf 76' lang='lat' dir='ltr'>nationibus</span> <span class='ocrx_word' id='word_1_123' title='bbox 570 1778 675 1830; x_wconf 76' lang='lat' dir='ltr'>vincam</span> <span class='ocrx_word' id='word_1_124' title='bbox 692 1779 878 1835; x_wconf 84' lang='lat' dir='ltr'>necessariis.“</span> <span class='ocrx_word' id='word_1_125' title='bbox 896 1778 928 1831; x_wconf 88' lang='grc' dir='ltr'>Η.</span> <span class='ocrx_word' id='word_1_126' title='bbox 948 1778 1109 1833; x_wconf 84' lang='lat' dir='ltr'>Wallius.</span> 
     </span>
    </p>

    <p class='ocr_par' dir='ltr' id='par_1_7' title="bbox 269 1864 1248 1940">
     <span class='ocr_line' id='line_1_16' title="bbox 269 1864 1248 1940; baseline 0.006 -22"><span class='ocrx_word' id='word_1_127' title='bbox 269 1867 379 1934; x_wconf 86' lang='lat' dir='ltr'>„Rebus</span> <span class='ocrx_word' id='word_1_128' title='bbox 406 1865 540 1916; x_wconf 77' lang='lat' dir='ltr'><strong><em>adducam</em></strong></span> <span class='ocrx_word' id='word_1_129' title='bbox 563 1866 728 1918; x_wconf 83' lang='lat' dir='ltr'>necessariis.</span> <span class='ocrx_word' id='word_1_130' title='bbox 772 1864 819 1920; x_wconf 83' lang='lat' dir='ltr'>Sic</span> <span class='ocrx_word' id='word_1_131' title='bbox 836 1866 964 1934; x_wconf 73' lang='lat' dir='ltr'>Palatini,</span> <span class='ocrx_word' id='word_1_132' title='bbox 989 1866 1113 1922; x_wconf 80' lang='lat' dir='ltr'>Gilanius</span> <span class='ocrx_word' id='word_1_133' title='bbox 1132 1871 1248 1940; x_wconf 74' lang='lat' dir='ltr'>prodidit</span> 
     </span>
    </p>
   </div>
   <div class='ocr_carea' id='block_1_5' title="bbox 107 1940 1247 2022">
    <p class='ocr_par' dir='ltr' id='par_1_8' title="bbox 107 1940 1247 2022">
     <span class='ocr_line' id='line_1_17' title="bbox 107 1940 1247 2022; baseline 0.003 -14"><span class='ocrx_word' id='word_1_134' title='bbox 107 1995 109 1999; x_wconf 92' lang='lat'>.</span> <span class='ocrx_word' id='word_1_135' title='bbox 198 1957 226 2009; x_wconf 74' lang='lat' dir='ltr'>n</span> <span class='ocrx_word' id='word_1_136' title='bbox 246 1955 304 2008; x_wconf 83' lang='lat' dir='ltr'>ms.</span> <span class='ocrx_word' id='word_1_137' title='bbox 316 1940 366 2008; x_wconf 71' lang='lat' dir='ltr'>&#39;no</span> <span class='ocrx_word' id='word_1_138' title='bbox 383 1953 462 2007; x_wconf 64' lang='lat' dir='ltr'>rurs.</span> <span class='ocrx_word' id='word_1_139' title='bbox 482 1952 631 2005; x_wconf 69' lang='lat' dir='ltr'>amineam.</span> <span class='ocrx_word' id='word_1_140' title='bbox 668 1953 815 2008; x_wconf 56' lang='lat' dir='ltr'>viciam.</span> <span class='ocrx_word' id='word_1_141' title='bbox 833 1954 961 2022; x_wconf 64' lang='lat' dir='ltr'>victora,</span> <span class='ocrx_word' id='word_1_142' title='bbox 978 1955 1116 2021; x_wconf 69' lang='lat' dir='ltr'>cambrai,</span> <span class='ocrx_word' id='word_1_143' title='bbox 1135 1958 1247 2014; x_wconf 74' lang='lat' dir='ltr'>surina</span> 
     </span>
    </p>
   </div>
   <div class='ocr_carea' id='block_1_6' title="bbox 140 2037 1248 4297">
    <p class='ocr_par' dir='ltr' id='par_1_9' title="bbox 200 2037 1247 2185">
     <span class='ocr_line' id='line_1_18' title="bbox 200 2037 1247 2116; baseline 0.002 -19"><span class='ocrx_word' id='word_1_144' title='bbox 200 2044 316 2116; x_wconf 81' lang='lat' dir='ltr'>Aldique</span> <span class='ocrx_word' id='word_1_145' title='bbox 344 2041 454 2113; x_wconf 86' lang='lat' dir='ltr'>Nepotis</span> <span class='ocrx_word' id='word_1_146' title='bbox 478 2048 572 2105; x_wconf 84' lang='lat' dir='ltr'>notae,</span> <span class='ocrx_word' id='word_1_147' title='bbox 604 2037 748 2094; x_wconf 85' lang='lat' dir='ltr'>lectionum</span> <span class='ocrx_word' id='word_1_148' title='bbox 776 2041 968 2096; x_wconf 71' lang='lat' dir='ltr'>diversitatibus</span> <span class='ocrx_word' id='word_1_149' title='bbox 994 2043 1073 2097; x_wconf 87' lang='lat' dir='ltr'>mire.</span> <span class='ocrx_word' id='word_1_150' title='bbox 1092 2049 1247 2099; x_wconf 82' lang='lat' dir='ltr'>scatentes.“</span> 
     </span>
     <span class='ocr_line' id='line_1_19' title="bbox 201 2130 380 2185; baseline -0.006 -1"><span class='ocrx_word' id='word_1_151' title='bbox 201 2130 380 2185; x_wconf 78' lang='lat' dir='ltr'>Gruterus.</span> 
     </span>
    </p>

    <p class='ocr_par' dir='ltr' id='par_1_10' title="bbox 165 2214 1248 3077">
     <span class='ocr_line' id='line_1_20' title="bbox 270 2214 1247 2290; baseline 0.002 -19"><span class='ocrx_word' id='word_1_152' title='bbox 270 2218 384 2287; x_wconf 84' lang='lat' dir='ltr'>„Quum</span> <span class='ocrx_word' id='word_1_153' title='bbox 403 2216 530 2290; x_wconf 81' lang='lat' dir='ltr'>quicquid</span> <span class='ocrx_word' id='word_1_154' title='bbox 559 2225 719 2269; x_wconf 89' lang='lat' dir='ltr'>notumest</span> <span class='ocrx_word' id='word_1_155' title='bbox 742 2214 873 2270; x_wconf 85' lang='lat' dir='ltr'>Codicum</span> <span class='ocrx_word' id='word_1_156' title='bbox 898 2216 1059 2272; x_wconf 87' lang='lat' dir='ltr'>MSStorum</span> <span class='ocrx_word' id='word_1_157' title='bbox 1089 2221 1247 2290; x_wconf 80' lang='lat' dir='ltr'>particulam</span> 
     </span>
     <span class='ocr_line' id='line_1_21' title="bbox 199 2303 1247 2378; baseline 0.004 -20"><span class='ocrx_word' id='word_1_158' title='bbox 199 2307 238 2359; x_wconf 84' lang='lat' dir='ltr'>ad</span> <span class='ocrx_word' id='word_1_159' title='bbox 253 2318 343 2362; x_wconf 81' lang='lat' dir='ltr'>sancte</span> <span class='ocrx_word' id='word_1_160' title='bbox 360 2317 478 2370; x_wconf 85' lang='lat' dir='ltr'>servent,</span> <span class='ocrx_word' id='word_1_161' title='bbox 500 2315 573 2358; x_wconf 83' lang='lat' dir='ltr'>certe</span> <span class='ocrx_word' id='word_1_162' title='bbox 589 2314 724 2374; x_wconf 84' lang='lat' dir='ltr'>suspectas</span> <span class='ocrx_word' id='word_1_163' title='bbox 741 2305 837 2358; x_wconf 87' lang='lat' dir='ltr'>merito</span> <span class='ocrx_word' id='word_1_164' title='bbox 855 2303 959 2370; x_wconf 85' lang='lat' dir='ltr'>babeas,</span> <span class='ocrx_word' id='word_1_165' title='bbox 978 2306 1024 2376; x_wconf 86' lang='lat' dir='ltr'>qui</span> <span class='ocrx_word' id='word_1_166' title='bbox 1043 2305 1071 2358; x_wconf 91' lang='lat' dir='ltr'>in</span> <span class='ocrx_word' id='word_1_167' title='bbox 1089 2307 1247 2378; x_wconf 86' lang='lat' dir='ltr'>quibusdam</span> 
     </span>
     <span class='ocr_line' id='line_1_22' title="bbox 201 2387 1246 2467; baseline 0 -18"><span class='ocrx_word' id='word_1_168' title='bbox 201 2413 257 2449; x_wconf 86' lang='lat' dir='ltr'>nnn</span> <span class='ocrx_word' id='word_1_169' title='bbox 275 2413 331 2449; x_wconf 86' lang='lat' dir='ltr'>esse</span> <span class='ocrx_word' id='word_1_170' title='bbox 349 2412 408 2447; x_wconf 85' lang='lat' dir='ltr'>enm</span> <span class='ocrx_word' id='word_1_171' title='bbox 425 2391 559 2459; x_wconf 77' lang='lat' dir='ltr'>scribunt,</span> <span class='ocrx_word' id='word_1_172' title='bbox 585 2407 654 2464; x_wconf 83' lang='lat' dir='ltr'>quae</span> <span class='ocrx_word' id='word_1_173' title='bbox 670 2402 725 2446; x_wconf 84' lang='lat' dir='ltr'>tam</span> <span class='ocrx_word' id='word_1_174' title='bbox 750 2403 879 2462; x_wconf 87' lang='lat' dir='ltr'>perpetue</span> <span class='ocrx_word' id='word_1_175' title='bbox 896 2403 1007 2464; x_wconf 84' lang='lat' dir='ltr'>apparet</span> <span class='ocrx_word' id='word_1_176' title='bbox 1031 2393 1060 2445; x_wconf 91' lang='lat' dir='ltr'>in</span> <span class='ocrx_word' id='word_1_177' title='bbox 1083 2392 1172 2461; x_wconf 85' lang='lat' dir='ltr'>libris,</span> <span class='ocrx_word' id='word_1_178' title='bbox 1201 2387 1246 2467; x_wconf 82' lang='lat' dir='ltr'>qui</span> 
     </span>
     <span class='ocr_line' id='line_1_23' title="bbox 200 2479 1247 2554; baseline 0.001 -18"><span class='ocrx_word' id='word_1_179' title='bbox 200 2484 233 2536; x_wconf 87' lang='lat' dir='ltr'>ab</span> <span class='ocrx_word' id='word_1_180' title='bbox 251 2482 339 2554; x_wconf 74' lang='lat' dir='ltr'>dignis</span> <span class='ocrx_word' id='word_1_181' title='bbox 356 2481 408 2535; x_wconf 83' lang='lat' dir='ltr'>lide</span> <span class='ocrx_word' id='word_1_182' title='bbox 425 2481 534 2534; x_wconf 83' lang='lat' dir='ltr'>fuerunt</span> <span class='ocrx_word' id='word_1_183' title='bbox 559 2498 646 2551; x_wconf 82' lang='lat' dir='ltr'>nuper</span> <span class='ocrx_word' id='word_1_184' title='bbox 664 2489 690 2533; x_wconf 88' lang='lat' dir='ltr'>et</span> <span class='ocrx_word' id='word_1_185' title='bbox 708 2479 772 2532; x_wconf 88' lang='lat' dir='ltr'>olim</span> <span class='ocrx_word' id='word_1_186' title='bbox 795 2480 919 2552; x_wconf 84' lang='lat' dir='ltr'>inspecti:</span> <span class='ocrx_word' id='word_1_187' title='bbox 944 2480 1037 2552; x_wconf 88' lang='lat' dir='ltr'>utique</span> <span class='ocrx_word' id='word_1_188' title='bbox 1064 2500 1120 2539; x_wconf 68' lang='lat' dir='ltr'>nus</span> <span class='ocrx_word' id='word_1_189' title='bbox 1148 2494 1247 2537; x_wconf 83' lang='lat' dir='ltr'>temere</span> 
     </span>
     <span class='ocr_line' id='line_1_24' title="bbox 200 2565 1247 2640; baseline -0.003 -15"><span class='ocrx_word' id='word_1_190' title='bbox 200 2590 259 2625; x_wconf 87' lang='lat' dir='ltr'>eam</span> <span class='ocrx_word' id='word_1_191' title='bbox 279 2568 429 2625; x_wconf 77' lang='lat' dir='ltr'>deleverim.</span> <span class='ocrx_word' id='word_1_192' title='bbox 466 2567 574 2640; x_wconf 86' lang='lat' dir='ltr'>Opinor</span> <span class='ocrx_word' id='word_1_193' title='bbox 592 2569 674 2640; x_wconf 79' lang='lat' dir='ltr'>igitur</span> <span class='ocrx_word' id='word_1_194' title='bbox 691 2567 794 2622; x_wconf 81' lang='lat' dir='ltr'>dedisse</span> <span class='ocrx_word' id='word_1_195' title='bbox 811 2568 930 2622; x_wconf 85' lang='lat' dir='ltr'>Tullium</span> <span class='ocrx_word' id='word_1_196' title='bbox 948 2565 1027 2621; x_wconf 82' lang='lat' dir='ltr'>rebus</span> <span class='ocrx_word' id='word_1_197' title='bbox 1045 2569 1184 2640; x_wconf 79' lang='lat' dir='ltr'>adigam</span> <span class='ocrx_word' id='word_1_198' title='bbox 1201 2589 1247 2622; x_wconf 88' lang='lat' dir='ltr'>ns·</span> 
     </span>
     <span class='ocr_line' id='line_1_25' title="bbox 185 2648 1247 2729; baseline 0.001 -19"><span class='ocrx_word' id='word_1_199' title='bbox 185 2648 331 2713; x_wconf 78' lang='lat' dir='ltr'>cessariis.</span> <span class='ocrx_word' id='word_1_200' title='bbox 367 2657 449 2726; x_wconf 87' lang='lat' dir='ltr'>Quod</span> <span class='ocrx_word' id='word_1_201' title='bbox 468 2657 501 2710; x_wconf 81' lang='lat' dir='ltr'>ad</span> <span class='ocrx_word' id='word_1_202' title='bbox 519 2656 618 2711; x_wconf 80' lang='lat' dir='ltr'>lemma</span> <span class='ocrx_word' id='word_1_203' title='bbox 633 2668 660 2711; x_wconf 91' lang='lat' dir='ltr'>et</span> <span class='ocrx_word' id='word_1_204' title='bbox 678 2656 785 2729; x_wconf 71' lang='lat' dir='ltr'>titulum</span> <span class='ocrx_word' id='word_1_205' title='bbox 803 2658 912 2724; x_wconf 77' lang='lat' dir='ltr'>attinet,</span> <span class='ocrx_word' id='word_1_206' title='bbox 942 2656 980 2709; x_wconf 82' lang='lat' dir='ltr'>ris</span> <span class='ocrx_word' id='word_1_207' title='bbox 999 2655 1107 2709; x_wconf 80' lang='lat' dir='ltr'>dixerim</span> <span class='ocrx_word' id='word_1_208' title='bbox 1126 2658 1247 2712; x_wconf 81' lang='lat' dir='ltr'>attende-</span> 
     </span>
     <span class='ocr_line' id='line_1_26' title="bbox 165 2731 1247 2816; baseline 0.003 -19"><span class='ocrx_word' id='word_1_209' title='bbox 165 2804 167 2810; x_wconf 44' lang='lat'>,</span> <span class='ocrx_word' id='word_1_210' title='bbox 199 2745 269 2798; x_wconf 86' lang='lat' dir='ltr'>ritae</span> <span class='ocrx_word' id='word_1_211' title='bbox 286 2744 313 2797; x_wconf 92' lang='lat' dir='ltr'>id</span> <span class='ocrx_word' id='word_1_212' title='bbox 333 2731 477 2810; x_wconf 84' lang='lat' dir='ltr'>Gruterus,</span> <span class='ocrx_word' id='word_1_213' title='bbox 504 2763 588 2816; x_wconf 86' lang='lat' dir='ltr'>quum</span> <span class='ocrx_word' id='word_1_214' title='bbox 606 2744 743 2809; x_wconf 89' lang='lat' dir='ltr'>Victorio,</span> <span class='ocrx_word' id='word_1_215' title='bbox 765 2744 859 2811; x_wconf 86' lang='lat' dir='ltr'>lunts,</span> <span class='ocrx_word' id='word_1_216' title='bbox 885 2744 1003 2816; x_wconf 79' lang='lat' dir='ltr'>Langia,</span> <span class='ocrx_word' id='word_1_217' title='bbox 1032 2745 1078 2816; x_wconf 88' lang='lat' dir='ltr'>qui</span> <span class='ocrx_word' id='word_1_218' title='bbox 1096 2745 1195 2801; x_wconf 80' lang='lat' dir='ltr'>babent</span> <span class='ocrx_word' id='word_1_219' title='bbox 1220 2747 1247 2800; x_wconf 89' lang='lat' dir='ltr'>id</span> 
     </span>
     <span class='ocr_line' id='line_1_27' title="bbox 198 2825 1246 2905; baseline 0.006 -23"><span class='ocrx_word' id='word_1_220' title='bbox 198 2831 301 2903; x_wconf 89' lang='lat' dir='ltr'>ipsum,</span> <span class='ocrx_word' id='word_1_221' title='bbox 320 2830 393 2903; x_wconf 86' lang='lat' dir='ltr'>quod</span> <span class='ocrx_word' id='word_1_222' title='bbox 410 2850 483 2886; x_wconf 85' lang='lat' dir='ltr'>nunc</span> <span class='ocrx_word' id='word_1_223' title='bbox 501 2831 609 2902; x_wconf 76' lang='lat' dir='ltr'>praefixi</span> <span class='ocrx_word' id='word_1_224' title='bbox 627 2825 680 2899; x_wconf 75' lang='lat' dir='ltr'>[ira</span> <span class='ocrx_word' id='word_1_225' title='bbox 698 2835 749 2890; x_wconf 76' lang='lat' dir='ltr'>asic</span> <span class='ocrx_word' id='word_1_226' title='bbox 769 2831 858 2902; x_wconf 63' lang='lat' dir='ltr'>depae</span> <span class='ocrx_word' id='word_1_227' title='bbox 875 2832 1006 2899; x_wconf 66' lang='grc' dir='ltr'>μαίνεται]</span> <span class='ocrx_word' id='word_1_228' title='bbox 1024 2831 1064 2900; x_wconf 92' lang='lat' dir='ltr'>(et</span> <span class='ocrx_word' id='word_1_229' title='bbox 1082 2843 1121 2886; x_wconf 88' lang='lat' dir='ltr'>est</span> <span class='ocrx_word' id='word_1_230' title='bbox 1138 2851 1246 2905; x_wconf 83' lang='lat' dir='ltr'>quoque</span> 
     </span>
     <span class='ocr_line' id='line_1_28' title="bbox 199 2903 1248 2989; baseline 0.003 -19"><span class='ocrx_word' id='word_1_231' title='bbox 199 2917 227 2970; x_wconf 85' lang='lat' dir='ltr'>in</span> <span class='ocrx_word' id='word_1_232' title='bbox 247 2919 409 2972; x_wconf 84' lang='lat' dir='ltr'>membranis</span> <span class='ocrx_word' id='word_1_233' title='bbox 424 2919 494 2989; x_wconf 79' lang='lat' dir='ltr'>patri</span> <span class='ocrx_word' id='word_1_234' title='bbox 511 2918 581 2986; x_wconf 84' lang='lat' dir='ltr'>risis)</span> <span class='ocrx_word' id='word_1_235' title='bbox 605 2903 712 2973; x_wconf 62' lang='lat' dir='ltr'>relictis⁴</span> <span class='ocrx_word' id='word_1_236' title='bbox 730 2919 852 2973; x_wconf 82' lang='lat' dir='ltr'>maluerit</span> <span class='ocrx_word' id='word_1_237' title='bbox 871 2919 909 2972; x_wconf 91' lang='lat' dir='ltr'>uti</span> <span class='ocrx_word' id='word_1_238' title='bbox 927 2918 1025 2972; x_wconf 79' lang='lat' dir='ltr'>altero:</span> <span class='ocrx_word' id='word_1_239' title='bbox 1052 2913 1095 2971; x_wconf 78' lang='lat' dir='ltr'>irs</span> <span class='ocrx_word' id='word_1_240' title='bbox 1111 2917 1206 2979; x_wconf 69' lang='grc' dir='ltr'>πάντες</span> <span class='ocrx_word' id='word_1_241' title='bbox 1224 2925 1248 2973; x_wconf 78' lang='grc' dir='ltr'>οἱ</span> 
     </span>
     <span class='ocr_line' id='line_1_29' title="bbox 198 3005 709 3077; baseline 0.006 -19"><span class='ocrx_word' id='word_1_242' title='bbox 198 3011 281 3077; x_wconf 74' lang='lat' dir='ltr'>nupsi</span> <span class='ocrx_word' id='word_1_243' title='bbox 296 3009 461 3068; x_wconf 71' lang='lat' dir='ltr'>patimus.“</span> <span class='ocrx_word' id='word_1_244' title='bbox 496 3005 709 3061; x_wconf 78' lang='lat' dir='ltr'>Gronovius.</span> 
     </span>
    </p>

    <p class='ocr_par' dir='ltr' id='par_1_11' title="bbox 140 3091 1248 4297">
     <span class='ocr_line' id='line_1_30' title="bbox 270 3091 1246 3167; baseline 0.002 -22"><span class='ocrx_word' id='word_1_245' title='bbox 270 3091 387 3160; x_wconf 85' lang='lat' dir='ltr'>„Merito</span> <span class='ocrx_word' id='word_1_246' title='bbox 405 3093 522 3166; x_wconf 69' lang='lat' dir='ltr'>bangius</span> <span class='ocrx_word' id='word_1_247' title='bbox 540 3094 641 3165; x_wconf 89' lang='lat' dir='ltr'>respuit</span> <span class='ocrx_word' id='word_1_248' title='bbox 658 3093 777 3167; x_wconf 88' lang='lat' dir='ltr'>priorem</span> <span class='ocrx_word' id='word_1_249' title='bbox 790 3111 865 3148; x_wconf 83' lang='lat' dir='ltr'>suam</span> <span class='ocrx_word' id='word_1_250' title='bbox 881 3093 1050 3147; x_wconf 79' lang='lat' dir='ltr'>sententiam.</span> <span class='ocrx_word' id='word_1_251' title='bbox 1086 3093 1154 3147; x_wconf 84' lang='lat' dir='ltr'>Nam</span> <span class='ocrx_word' id='word_1_252' title='bbox 1164 3095 1246 3148; x_wconf 79' lang='lat' dir='ltr'>verbo</span> 
     </span>
     <span class='ocr_line' id='line_1_31' title="bbox 198 3178 1248 3253; baseline 0 -20"><span class='ocrx_word' id='word_1_253' title='bbox 198 3182 322 3234; x_wconf 85' lang='lat' dir='ltr'>addicam</span> <span class='ocrx_word' id='word_1_254' title='bbox 336 3181 426 3237; x_wconf 89' lang='lat' dir='ltr'>nullus</span> <span class='ocrx_word' id='word_1_255' title='bbox 440 3181 483 3236; x_wconf 88' lang='lat' dir='ltr'>bic</span> <span class='ocrx_word' id='word_1_256' title='bbox 499 3181 575 3236; x_wconf 89' lang='lat' dir='ltr'>locus</span> <span class='ocrx_word' id='word_1_257' title='bbox 595 3192 649 3249; x_wconf 83' lang='lat' dir='ltr'>est,</span> <span class='ocrx_word' id='word_1_258' title='bbox 668 3193 697 3236; x_wconf 92' lang='lat' dir='ltr'>ut</span> <span class='ocrx_word' id='word_1_259' title='bbox 714 3182 771 3253; x_wconf 81' lang='lat' dir='ltr'>ipsc</span> <span class='ocrx_word' id='word_1_260' title='bbox 790 3192 880 3252; x_wconf 87' lang='lat' dir='ltr'>pastea</span> <span class='ocrx_word' id='word_1_261' title='bbox 899 3181 970 3236; x_wconf 80' lang='lat' dir='ltr'>vidit.</span> <span class='ocrx_word' id='word_1_262' title='bbox 1012 3178 1083 3233; x_wconf 83' lang='lat' dir='ltr'>Cum</span> <span class='ocrx_word' id='word_1_263' title='bbox 1105 3198 1169 3233; x_wconf 82' lang='lat' dir='ltr'>ves-o</span> <span class='ocrx_word' id='word_1_264' title='bbox 1186 3182 1248 3233; x_wconf 73' lang='lat' dir='ltr'>sia-</span> 
     </span>
     <span class='ocr_line' id='line_1_32' title="bbox 190 3266 1247 3342; baseline -0.001 -21"><span class='ocrx_word' id='word_1_265' title='bbox 190 3290 256 3322; x_wconf 85' lang='lat' dir='ltr'>·cam</span> <span class='ocrx_word' id='word_1_266' title='bbox 274 3270 405 3341; x_wconf 84' lang='lat' dir='ltr'>repererit</span> <span class='ocrx_word' id='word_1_267' title='bbox 420 3270 448 3322; x_wconf 89' lang='lat' dir='ltr'>in</span> <span class='ocrx_word' id='word_1_268' title='bbox 467 3268 626 3342; x_wconf 85' lang='lat' dir='ltr'>quibusdam</span> <span class='ocrx_word' id='word_1_269' title='bbox 645 3268 719 3322; x_wconf 90' lang='lat' dir='ltr'>libris</span> <span class='ocrx_word' id='word_1_270' title='bbox 729 3268 887 3332; x_wconf 80' lang='lat' dir='ltr'>Manutius,</span> <span class='ocrx_word' id='word_1_271' title='bbox 905 3268 933 3321; x_wconf 90' lang='lat' dir='ltr'>in</span> <span class='ocrx_word' id='word_1_272' title='bbox 951 3266 1010 3320; x_wconf 85' lang='lat' dir='ltr'>aliis</span> <span class='ocrx_word' id='word_1_273' title='bbox 1027 3285 1090 3321; x_wconf 87' lang='lat' dir='ltr'>cum</span> <span class='ocrx_word' id='word_1_274' title='bbox 1107 3266 1173 3337; x_wconf 72' lang='lat' dir='ltr'>ipse,</span> <span class='ocrx_word' id='word_1_275' title='bbox 1190 3277 1247 3320; x_wconf 89' lang='lat' dir='ltr'>tum</span> 
     </span>
     <span class='ocr_line' id='line_1_33' title="bbox 198 3353 1248 3426; baseline 0 -17"><span class='ocrx_word' id='word_1_276' title='bbox 198 3355 336 3421; x_wconf 81' lang='lat' dir='ltr'>Gifsnlus,</span> <span class='ocrx_word' id='word_1_277' title='bbox 353 3356 512 3423; x_wconf 77' lang='lat' dir='ltr'>Lambinus,</span> <span class='ocrx_word' id='word_1_278' title='bbox 531 3355 653 3423; x_wconf 87' lang='lat' dir='ltr'>Ursinus,</span> <span class='ocrx_word' id='word_1_279' title='bbox 670 3356 822 3420; x_wconf 77' lang='lat' dir='ltr'>adriacum,</span> <span class='ocrx_word' id='word_1_280' title='bbox 840 3373 891 3411; x_wconf 84' lang='lat' dir='ltr'>cur</span> <span class='ocrx_word' id='word_1_281' title='bbox 908 3372 965 3408; x_wconf 90' lang='lat' dir='ltr'>non</span> <span class='ocrx_word' id='word_1_282' title='bbox 984 3353 1171 3426; x_wconf 79' lang='lat' dir='ltr'>amplectimur</span> <span class='ocrx_word' id='word_1_283' title='bbox 1187 3373 1248 3409; x_wconf 80' lang='lat' dir='ltr'>cer·</span> 
     </span>
     <span class='ocr_line' id='line_1_34' title="bbox 198 3441 1248 3516; baseline 0.001 -20"><span class='ocrx_word' id='word_1_284' title='bbox 198 3443 325 3496; x_wconf 78' lang='lat' dir='ltr'>tissimum</span> <span class='ocrx_word' id='word_1_285' title='bbox 349 3452 377 3497; x_wconf 83' lang='lat' dir='ltr'>et</span> <span class='ocrx_word' id='word_1_286' title='bbox 400 3444 561 3499; x_wconf 78' lang='lat' dir='ltr'>verissimam</span> <span class='ocrx_word' id='word_1_287' title='bbox 585 3444 745 3516; x_wconf 83' lang='lat' dir='ltr'>scripturam</span> <span class='ocrx_word' id='word_1_288' title='bbox 770 3442 849 3497; x_wconf 80' lang='lat' dir='ltr'>redas</span> <span class='ocrx_word' id='word_1_289' title='bbox 872 3443 977 3496; x_wconf 73' lang='lat' dir='ltr'>uincam</span> <span class='ocrx_word' id='word_1_290' title='bbox 1000 3442 1171 3507; x_wconf 69' lang='lat' dir='ltr'>necessariis,</span> <span class='ocrx_word' id='word_1_291' title='bbox 1196 3441 1248 3497; x_wconf 90' lang='lat' dir='ltr'>boc</span> 
     </span>
     <span class='ocr_line' id='line_1_35' title="bbox 199 3528 1247 3603; baseline -0.002 -19"><span class='ocrx_word' id='word_1_292' title='bbox 199 3541 237 3584; x_wconf 83' lang='lat' dir='ltr'>est</span> <span class='ocrx_word' id='word_1_293' title='bbox 253 3531 379 3585; x_wconf 62' lang='lat' dir='ltr'>educam*</span> <span class='ocrx_word' id='word_1_294' title='bbox 393 3530 498 3585; x_wconf 85' lang='lat' dir='ltr'>invictis</span> <span class='ocrx_word' id='word_1_295' title='bbox 514 3532 690 3602; x_wconf 75' lang='lat' dir='ltr'>argumentis.</span> <span class='ocrx_word' id='word_1_296' title='bbox 723 3531 793 3586; x_wconf 84' lang='lat' dir='ltr'>Nam</span> <span class='ocrx_word' id='word_1_297' title='bbox 811 3551 855 3584; x_wconf 85' lang='lat' dir='ltr'>rss</span> <span class='ocrx_word' id='word_1_298' title='bbox 872 3548 950 3603; x_wconf 79' lang='lat' dir='ltr'>saepe</span> <span class='ocrx_word' id='word_1_299' title='bbox 968 3540 1029 3583; x_wconf 89' lang='lat' dir='ltr'>sunt</span> <span class='ocrx_word' id='word_1_300' title='bbox 1046 3528 1175 3593; x_wconf 81' lang='lat' dir='ltr'>rationes,</span> <span class='ocrx_word' id='word_1_301' title='bbox 1203 3548 1247 3583; x_wconf 81' lang='lat' dir='ltr'>sr-</span> 
     </span>
     <span class='ocr_line' id='line_1_36' title="bbox 198 3616 1248 3689; baseline -0.002 -19"><span class='ocrx_word' id='word_1_302' title='bbox 198 3629 335 3689; x_wconf 71' lang='lat' dir='ltr'>gnmenta.</span> <span class='ocrx_word' id='word_1_303' title='bbox 371 3617 490 3672; x_wconf 84' lang='lat' dir='ltr'>lulianus</span> <span class='ocrx_word' id='word_1_304' title='bbox 507 3617 582 3672; x_wconf 87' lang='lat' dir='ltr'>l.C.:</span> <span class='ocrx_word' id='word_1_305' title='bbox 611 3620 707 3671; x_wconf 77' lang='lat' dir='ltr'>Malta</span> <span class='ocrx_word' id='word_1_306' title='bbox 724 3621 785 3671; x_wconf 81' lang='lat' dir='ltr'>iure</span> <span class='ocrx_word' id='word_1_307' title='bbox 802 3618 876 3670; x_wconf 74' lang='lat' dir='ltr'>cicili</span> <span class='ocrx_word' id='word_1_308' title='bbox 893 3627 987 3670; x_wconf 86' lang='lat' dir='ltr'>contra</span> <span class='ocrx_word' id='word_1_309' title='bbox 1006 3616 1137 3667; x_wconf 78' lang='lat' dir='ltr'>tatianam</span> <span class='ocrx_word' id='word_1_310' title='bbox 1154 3616 1248 3686; x_wconf 81' lang='lat' dir='ltr'>dispu-</span> 
     </span>
     <span class='ocr_line' id='line_1_37' title="bbox 198 3701 1248 3777; baseline 0.002 -21"><span class='ocrx_word' id='word_1_311' title='bbox 198 3706 278 3756; x_wconf 88' lang='lat' dir='ltr'>tandi</span> <span class='ocrx_word' id='word_1_312' title='bbox 293 3724 343 3776; x_wconf 83' lang='lat' dir='ltr'>pro</span> <span class='ocrx_word' id='word_1_313' title='bbox 368 3706 491 3759; x_wconf 82' lang='lat' dir='ltr'>utilitate</span> <span class='ocrx_word' id='word_1_314' title='bbox 515 3707 646 3760; x_wconf 84' lang='lat' dir='ltr'>communi</span> <span class='ocrx_word' id='word_1_315' title='bbox 670 3718 778 3777; x_wconf 77' lang='lat' dir='ltr'>recepta</span> <span class='ocrx_word' id='word_1_316' title='bbox 802 3724 860 3759; x_wconf 77' lang='lat' dir='ltr'>esse</span> <span class='ocrx_word' id='word_1_317' title='bbox 885 3701 1122 3757; x_wconf 80' lang='lat' dir='ltr'>innumerabilibus</span> <span class='ocrx_word' id='word_1_318' title='bbox 1147 3701 1248 3758; x_wconf 79' lang='lat' dir='ltr'>rebus</span> 
     </span>
     <span class='ocr_line' id='line_1_38' title="bbox 195 3789 1248 3862; baseline 0.003 -19"><span class='ocrx_word' id='word_1_319' title='bbox 195 3790 307 3861; x_wconf 81' lang='lat' dir='ltr'>probari</span> <span class='ocrx_word' id='word_1_320' title='bbox 319 3798 419 3862; x_wconf 72' lang='lat' dir='ltr'>potest.</span> <span class='ocrx_word' id='word_1_321' title='bbox 456 3790 529 3846; x_wconf 86' lang='lat' dir='ltr'>Cael.</span> <span class='ocrx_word' id='word_1_322' title='bbox 546 3792 639 3847; x_wconf 77' lang='lat' dir='ltr'>Aurel.</span> <span class='ocrx_word' id='word_1_323' title='bbox 656 3795 710 3845; x_wconf 82' lang='lat' dir='ltr'>Sed</span> <span class='ocrx_word' id='word_1_324' title='bbox 726 3794 822 3847; x_wconf 81' lang='lat' dir='ltr'>baram</span> <span class='ocrx_word' id='word_1_325' title='bbox 836 3791 961 3844; x_wconf 79' lang='lat' dir='ltr'>deliratio</span> <span class='ocrx_word' id='word_1_326' title='bbox 972 3789 1127 3861; x_wconf 79' lang='lat' dir='ltr'>manifestis</span> <span class='ocrx_word' id='word_1_327' title='bbox 1145 3789 1248 3846; x_wconf 85' lang='lat' dir='ltr'>rsbas</span> 
     </span>
     <span class='ocr_line' id='line_1_39' title="bbox 140 3876 1248 3952; baseline 0 -19"><span class='ocrx_word' id='word_1_328' title='bbox 140 3928 143 3933; x_wconf 92' lang='lat'>.</span> <span class='ocrx_word' id='word_1_329' title='bbox 196 3876 338 3949; x_wconf 82' lang='lat' dir='ltr'>probatur.</span> <span class='ocrx_word' id='word_1_330' title='bbox 373 3879 453 3952; x_wconf 82' lang='lat' dir='ltr'>Apul.</span> <span class='ocrx_word' id='word_1_331' title='bbox 471 3878 613 3933; x_wconf 76' lang='lat' dir='ltr'>Metto:</span> <span class='ocrx_word' id='word_1_332' title='bbox 638 3881 742 3949; x_wconf 83' lang='lat' dir='ltr'>Quibus</span> <span class='ocrx_word' id='word_1_333' title='bbox 759 3894 852 3932; x_wconf 84' lang='lat' dir='ltr'>autem</span> <span class='ocrx_word' id='word_1_334' title='bbox 876 3878 964 3932; x_wconf 77' lang='lat' dir='ltr'>verbis</span> <span class='ocrx_word' id='word_1_335' title='bbox 987 3887 1131 3930; x_wconf 68' lang='lat' dir='ltr'>acsusmor</span> <span class='ocrx_word' id='word_1_336' title='bbox 1155 3879 1248 3949; x_wconf 73' lang='lat' dir='ltr'>egerit.</span> 
     </span>
     <span class='ocr_line' id='line_1_40' title="bbox 199 3965 1247 4038; baseline -0.003 -19"><span class='ocrx_word' id='word_1_337' title='bbox 199 3965 296 4038; x_wconf 83' lang='lat' dir='ltr'>quibus</span> <span class='ocrx_word' id='word_1_338' title='bbox 315 3965 423 4020; x_wconf 78' lang='lat' dir='ltr'>rebus</span> <span class='ocrx_word' id='word_1_339' title='bbox 441 3966 551 4020; x_wconf 82' lang='lat' dir='ltr'>diluerit</span> <span class='ocrx_word' id='word_1_340' title='bbox 568 3986 631 4022; x_wconf 84' lang='lat' dir='ltr'>rem.</span> <span class='ocrx_word' id='word_1_341' title='bbox 667 3967 737 4023; x_wconf 84' lang='lat' dir='ltr'>Hinc</span> <span class='ocrx_word' id='word_1_342' title='bbox 755 3988 798 4021; x_wconf 80' lang='lat' dir='ltr'>res</span> <span class='ocrx_word' id='word_1_343' title='bbox 814 3978 841 4022; x_wconf 86' lang='lat' dir='ltr'>et</span> <span class='ocrx_word' id='word_1_344' title='bbox 859 3967 931 4019; x_wconf 89' lang='lat' dir='ltr'>ratio</span> <span class='ocrx_word' id='word_1_345' title='bbox 954 3976 1081 4037; x_wconf 79' lang='lat' dir='ltr'>tanquam</span> <span class='ocrx_word' id='word_1_346' title='bbox 1099 3982 1247 4036; x_wconf 79' lang='lat' dir='ltr'>synonyma</span> 
     </span>
     <span class='ocr_line' id='line_1_41' title="bbox 197 4049 1248 4123; baseline -0.003 -19"><span class='ocrx_word' id='word_1_347' title='bbox 197 4054 346 4123; x_wconf 74' lang='lat' dir='ltr'>iunguntur</span> <span class='ocrx_word' id='word_1_348' title='bbox 362 4054 505 4121; x_wconf 88' lang='lat' dir='ltr'>Ciceroni,</span> <span class='ocrx_word' id='word_1_349' title='bbox 525 4065 555 4108; x_wconf 92' lang='lat' dir='ltr'>ut</span> <span class='ocrx_word' id='word_1_350' title='bbox 574 4053 677 4108; x_wconf 90' lang='lat' dir='ltr'>dudum</span> <span class='ocrx_word' id='word_1_351' title='bbox 695 4054 842 4110; x_wconf 76' lang='lat' dir='ltr'>observavit</span> <span class='ocrx_word' id='word_1_352' title='bbox 859 4053 999 4120; x_wconf 81' lang='lat' dir='ltr'>Gilasins,</span> <span class='ocrx_word' id='word_1_353' title='bbox 1025 4050 1102 4105; x_wconf 83' lang='lat' dir='ltr'>Orat.</span> <span class='ocrx_word' id='word_1_354' title='bbox 1120 4067 1170 4120; x_wconf 89' lang='lat' dir='ltr'>pra</span> <span class='ocrx_word' id='word_1_355' title='bbox 1189 4049 1248 4121; x_wconf 68' lang='lat' dir='ltr'>lege</span> 
     </span>
     <span class='ocr_line' id='line_1_42' title="bbox 199 4138 1246 4217; baseline -0.004 -26"><span class='ocrx_word' id='word_1_356' title='bbox 199 4138 303 4192; x_wconf 84' lang='lat' dir='ltr'>Manil..</span> <span class='ocrx_word' id='word_1_357' title='bbox 329 4142 383 4192; x_wconf 81' lang='lat' dir='ltr'>Sed</span> <span class='ocrx_word' id='word_1_358' title='bbox 399 4143 428 4193; x_wconf 92' lang='lat' dir='ltr'>in</span> <span class='ocrx_word' id='word_1_359' title='bbox 448 4143 501 4193; x_wconf 78' lang='lat' dir='ltr'>hac</span> <span class='ocrx_word' id='word_1_360' title='bbox 518 4160 604 4196; x_wconf 83' lang='lat' dir='ltr'>causa</span> <span class='ocrx_word' id='word_1_361' title='bbox 622 4145 732 4197; x_wconf 80' lang='lat' dir='ltr'>tametsi</span> <span class='ocrx_word' id='word_1_362' title='bbox 749 4143 908 4217; x_wconf 74' lang='lat' dir='ltr'>cognoscitis</span> <span class='ocrx_word' id='word_1_363' title='bbox 934 4140 1113 4194; x_wconf 77' lang='lat' dir='ltr'>auctoritates</span> <span class='ocrx_word' id='word_1_364' title='bbox 1138 4144 1246 4187; x_wconf 82' lang='lat' dir='ltr'>contra·</span> 
     </span>
     <span class='ocr_line' id='line_1_43' title="bbox 200 4222 1246 4297; baseline -0.003 -21"><span class='ocrx_word' id='word_1_365' title='bbox 200 4226 258 4278; x_wconf 85' lang='lat' dir='ltr'>rias</span> <span class='ocrx_word' id='word_1_366' title='bbox 267 4226 480 4297; x_wconf 78' lang='lat' dir='ltr'>fortissimorum</span> <span class='ocrx_word' id='word_1_367' title='bbox 498 4238 525 4281; x_wconf 85' lang='lat' dir='ltr'>et</span> <span class='ocrx_word' id='word_1_368' title='bbox 544 4230 751 4285; x_wconf 80' lang='lat' dir='ltr'>clarissimorum</span> <span class='ocrx_word' id='word_1_369' title='bbox 769 4233 894 4294; x_wconf 73' lang='lat' dir='ltr'>virorum,</span> <span class='ocrx_word' id='word_1_370' title='bbox 912 4227 1022 4283; x_wconf 77' lang='lat' dir='ltr'>tamstsi</span> <span class='ocrx_word' id='word_1_371' title='bbox 1035 4222 1137 4277; x_wconf 81' lang='lat' dir='ltr'>omissis</span> <span class='ocrx_word' id='word_1_372' title='bbox 1150 4230 1246 4274; x_wconf 82' lang='lat' dir='ltr'>cacta-</span> 
     </span>
    </p>
   </div>
   <div class='ocr_carea' id='block_1_7' title="bbox 940 4312 1014 4385">
    <p class='ocr_par' dir='ltr' id='par_1_12' title="bbox 940 4312 1014 4385">
     <span class='ocr_line' id='line_1_44' title="bbox 940 4312 1014 4385; baseline 0 0"><span class='ocrx_word' id='word_1_373' title='bbox 940 4312 1014 4385; x_wconf 85' lang='lat'>22*</span> 
     </span>
    </p>
   </div>
   <div class='ocr_carea' id='block_1_8' title="bbox 0 0 1534 4925">
    <p class='ocr_par' dir='ltr' id='par_1_13' title="bbox 0 0 1534 4925">
     <span class='ocr_line' id='line_1_45' title="bbox 0 0 1534 4925; baseline 0 0"><span class='ocrx_word' id='word_1_374' title='bbox 0 0 1534 4925; x_wconf 95' lang='lat' dir='ltr'> </span> 
     </span>
    </p>
   </div>
  </div>
 </body>
</html>
