3059 4925
519 1231 904 1313 Pltnnnnn'lo.
988 1260 990 1263 ·

643 1434 772 1445 --—--

185 1637 404 1765 Quindecim
431 1686 507 1747 sunt
522 1687 611 1778 nuni,
637 1705 680 1750 ex
703 1706 781 1770 quo,
807 1706 909 1772 quum
924 1689 1116 1753 Tusculanis
1136 1685 1238 1749 eden-

185 1802 236 1867 dis
266 1818 321 1868 me
358 1802 582 1886 accingerem,
621 1804 826 1871 edendorum
857 1807 954 1872 simul
987 1807 1238 1871 Paradoxorum

185 1920 360 1987 eonsilium
393 1920 476 2002 cepi.
543 1919 643 1988 Cuius
678 1924 808 1990 consilii
841 1942 942 1991 causa
971 1942 1039 1992 non
1072 1940 1139 1990 una
1167 1921 1238 1986 luit.

185 2040 421 2106 offerebantur
457 2039 538 2104 milri
562 2042 691 2108 >eodem
729 2047 879 2126 tempore
913 2043 1126 2111 aGreuzero
1160 2056 1238 2105 mec

184 2166 252 2226 tres
277 2159 415 2227 (lodices
437 2176 539 2226 manu
564 2163 696 2245 scripti,
723 2181 793 2228 non
816 2166 864 2229 illi
890 2163 1023 2247 quidem
1049 2159 1238 2245 pervetusti,

185 2278 245 2346 sed
269 2280 411 2358 saeculi,
437 2283 472 2344 ut
497 2280 643 2360 videtur,
670 2284 776 2365 quinti
801 2285 939 2363 decimi,
964 2281 1148 2358 chartacei,
1177 2278 1238 2346 sed
1309 2359 1316 2369 ,

184 2401 332 2469 nondum
358 2402 469 2468 collati
493 2405 527 2467 et
551 2387 659 2484 primo
684 2403 848 2488 adspectu·
868 2421 962 2488 spem
984 2403 1141 2469 facientes
1162 2398 1236 2465 iore

185 2528 224 2589 ut
248 2522 373 2615 aliurrid
405 2522 483 2588 inde
504 2522 626 2588 lonae
658 2524 761 2606 frugis
788 2544 809 2593 a
833 2525 930 2593 nobis
951 2523 1084 2604 excerpi
1109 2524 1237 2603 posset:

187 2659 273 2725 uuae
298 2658 373 2723 spes
399 2658 467 2705 non
492 2641 589 2723 plane
615 2641 740 2707 fefellit
792 2643 1001 2710 Accedebant
1015 2643 1142 2724 aliquot
1167 2612 1266 2703 edis

155 2743 158 2750 ¹
186 2762 293 2831 tiones
320 2764 468 2839 veteres,
492 2761 535 2825 ab
556 2761 614 2839 iis,
640 2764 695 2844 qui
722 2762 830 2829 adhuc
856 2764 1027 2831 ediderant
1051 2760 1238 2835 Paradoxa,

187 2899 256 2957 non
281 2882 586 2964 inspectae-uuum
611 2883 645 2949 in
671 2882 754 2947 meis
780 2883 882 2961 libris,
904 2888 974 2947 turn
988 2880 1121 2951 aliunde
1146 2877 1238 2957 nini,

188 3001 381 3084 praesertim
417 3019 462 3067 cx
492 2999 693 3067 bibliotheca
733 3000 1019 3083 Heidelbergensi',
1060 2998 1239 3065 liberaliter

189 3121 331 3198 oblatae,
356 3120 475 3203 quibus
498 3138 560 3204 pro
575 3139 612 3185 re
631 3125 710 3187 nata
731 3126 851 3187 uterer.
903 3121 969 3188 Sed
991 3121 1058 3189 alia
1083 3124 1153 3185 orat
1179 3135 1237 3185 ea-

189 3259 252 3323 uue
278 3239 556 3322 marincense,
591 3257 657 3322 qna
683 3245 852 3322 permotus
877 3242 1008 3306 iunctos
1030 3240 1129 3311 edere
1155 3253 1238 3301 con-

187 3359 357 3425 stitueram
381 3357 504 3434 libros,
526 3373 611 3438 quos
636 3356 723 3421 dixi:
750 3358 885 3437 eadem,
912 3360 1050 3441 opinor,
1076 3373 1161 3440 qnae
1177 3372 1237 3423 eos

188 3479 386 3559 coniungere
412 3478 506 3545 iussit
531 3476 718 3545 Schiitrium
745 3481 778 3542 et
804 3476 975 3557 Orellionn
1002 3482 1035 3543 et
1059 3478 1147 3543 hunc
1164 3478 1238 3560 qui·

189 3596 263 3663 dem
288 3610 358 3661 non
382 3595 521 3659 seorsim
545 3595 648 3661 modo
669 3595 796 3673 editos,
819 3596 879 3661 sed
904 3598 1023 3675 etiam,
1048 3597 1138 3679 quod
1159 3596 1238 3667 item

53 3750 57 3759 ·
158 3716 311 3779 'iecerat
335 3712 523 3789 Schitzius,
557 3714 591 3777 in
617 3731 756 3796 operum
781 3714 950 3780 Ciceronis
984 3717 1132 3781 omnium
1166 3717 1237 3780 edi-

188 3836 286 3901 tione.
338 3834 530 3915 Argumenti
553 3835 707 3900 nimirum
725 3840 797 3899 erat
817 3836 980 3918 quaedam
999 3837 1094 3918 quasi
1109 3853 1234 3916 cogna-

189 3955 251 4031 tio,
278 3972 345 4038 qua
366 3959 475 4019 motus
501 3955 568 4019 ianr
593 3955 745 4019 trecentis
772 3955 841 4018 iere
876 3954 996 4019 abhinc
1029 3955 1123 4019 annis
1155 3958 1238 4019 scri-

189 4074 250 4153 psit
282 4073 412 4138 luson
433 4073 642 4139 -Denores
676 4071 833 4153 Cyprius,
870 4073 905 4137 in
932 4071 1172 4140 Institutione
1198 4068 1238 4137 in

191 4184 247 4256 M.
298 4187 412 4256 'I'nllii
456 4182 648 4255 Ciceronis
690 4185 970 4281 Philosophiam
1007 4188 1053 4254 de
1088 4185 1166 4254 citu
1201 4199 1237 4252 et
