<?xml version="1.0" encoding="UTF-8"?>
<!DOCTYPE html PUBLIC "-//W3C//DTD XHTML 1.0 Transitional//EN"
    "http://www.w3.org/TR/xhtml1/DTD/xhtml1-transitional.dtd">
<html xmlns="http://www.w3.org/1999/xhtml" xml:lang="en" lang="en">
 <head>
  <title>
</title>
<meta http-equiv="Content-Type" content="text/html;charset=utf-8" />
  <meta name='ocr-system' content='tesseract 3.04.00' />
  <meta name='ocr-capabilities' content='ocr_page ocr_carea ocr_par ocr_line ocrx_word'/>
</head>
<body>
  <div class='ocr_page' id='page_1' title='image "./paradoxa01wyttgoog_0148.png"; bbox 0 0 3059 4925; ppageno 0'>
   <div class='ocr_carea' id='block_1_1' title="bbox 291 448 1013 523">
    <p class='ocr_par' dir='ltr' id='par_1_1' title="bbox 291 448 1013 523">
     <span class='ocr_line' id='line_1_1' title="bbox 291 448 1013 523; baseline 0.004 -3"><span class='ocrx_word' id='word_1_1' title='bbox 291 448 363 521; x_wconf 81' lang='lat'>106</span> <span class='ocrx_word' id='word_1_2' title='bbox 621 474 791 521; x_wconf 67' lang='lat' dir='ltr'>uenenum</span> <span class='ocrx_word' id='word_1_3' title='bbox 820 474 1013 523; x_wconf 80' lang='lat' dir='ltr'>srclconuu.</span> 
     </span>
    </p>
   </div>
   <div class='ocr_carea' id='block_1_2' title="bbox 284 629 1333 1841">
    <p class='ocr_par' dir='ltr' id='par_1_2' title="bbox 285 629 1333 789">
     <span class='ocr_line' id='line_1_2' title="bbox 285 629 1333 704; baseline 0.006 -21"><span class='ocrx_word' id='word_1_4' title='bbox 285 643 339 689; x_wconf 82' lang='lat' dir='ltr'>eet,</span> <span class='ocrx_word' id='word_1_5' title='bbox 358 631 507 704; x_wconf 79' lang='lat' dir='ltr'>ubicunque</span> <span class='ocrx_word' id='word_1_6' title='bbox 525 639 565 684; x_wconf 76' lang='lat' dir='ltr'>eet</span> <span class='ocrx_word' id='word_1_7' title='bbox 586 629 662 683; x_wconf 82' lang='lat' dir='ltr'>bene:</span> <span class='ocrx_word' id='word_1_8' title='bbox 681 631 726 698; x_wconf 78' lang='lat' dir='ltr'>[ad</span> <span class='ocrx_word' id='word_1_9' title='bbox 738 650 818 703; x_wconf 83' lang='lat' dir='ltr'>quem</span> <span class='ocrx_word' id='word_1_10' title='bbox 838 632 927 686; x_wconf 83' lang='lat' dir='ltr'>iocum</span> <span class='ocrx_word' id='word_1_11' title='bbox 946 633 1032 687; x_wconf 84' lang='lat' dir='ltr'>sontes</span> <span class='ocrx_word' id='word_1_12' title='bbox 1051 651 1161 704; x_wconf 77' lang='lat' dir='ltr'>graecos</span> <span class='ocrx_word' id='word_1_13' title='bbox 1179 638 1333 690; x_wconf 68' lang='lat' dir='ltr'>monstravit</span> 
     </span>
     <span class='ocr_line' id='line_1_3' title="bbox 286 717 644 789; baseline -0.006 -16"><span class='ocrx_word' id='word_1_14' title='bbox 286 720 426 787; x_wconf 64' lang='lat' dir='ltr'>Davisius]</span> <span class='ocrx_word' id='word_1_15' title='bbox 462 719 484 773; x_wconf 84' lang='lat' dir='ltr'>F</span> <span class='ocrx_word' id='word_1_16' title='bbox 491 737 537 773; x_wconf 88' lang='lat' dir='ltr'>rc.</span> <span class='ocrx_word' id='word_1_17' title='bbox 555 717 644 789; x_wconf 82' lang='lat' dir='ltr'>Syiv.</span> 
     </span>
    </p>

    <p class='ocr_par' dir='ltr' id='par_1_3' title="bbox 284 805 1333 1662">
     <span class='ocr_line' id='line_1_4' title="bbox 356 805 1332 880; baseline 0.003 -22"><span class='ocrx_word' id='word_1_18' title='bbox 356 806 441 859; x_wconf 78' lang='lat' dir='ltr'>orbem</span> <span class='ocrx_word' id='word_1_19' title='bbox 458 816 593 858; x_wconf 80' lang='lat' dir='ltr'>terrarum</span> <span class='ocrx_word' id='word_1_20' title='bbox 611 824 692 858; x_wconf 83' lang='lat' dir='ltr'>unam</span> <span class='ocrx_word' id='word_1_21' title='bbox 714 805 815 874; x_wconf 83' lang='lat' dir='ltr'>urbem]</span> <span class='ocrx_word' id='word_1_22' title='bbox 859 806 961 860; x_wconf 84' lang='lat' dir='ltr'>Eodem</span> <span class='ocrx_word' id='word_1_23' title='bbox 988 808 1069 864; x_wconf 83' lang='lat' dir='ltr'>ruodo</span> <span class='ocrx_word' id='word_1_24' title='bbox 1089 808 1226 880; x_wconf 73' lang='lat' dir='ltr'>Diogenen</span> <span class='ocrx_word' id='word_1_25' title='bbox 1249 810 1332 879; x_wconf 82' lang='lat' dir='ltr'>Cyni-</span> 
     </span>
     <span class='ocr_line' id='line_1_5' title="bbox 285 893 1331 967; baseline 0.001 -19"><span class='ocrx_word' id='word_1_26' title='bbox 285 914 332 948; x_wconf 81' lang='lat' dir='ltr'>cus</span> <span class='ocrx_word' id='word_1_27' title='bbox 349 894 420 965; x_wconf 82' lang='lat' dir='ltr'>apud</span> <span class='ocrx_word' id='word_1_28' title='bbox 438 894 524 948; x_wconf 66' lang='lat' dir='ltr'>Luert.</span> <span class='ocrx_word' id='word_1_29' title='bbox 548 893 576 947; x_wconf 89' lang='lat' dir='ltr'>iu</span> <span class='ocrx_word' id='word_1_30' title='bbox 601 893 659 947; x_wconf 84' lang='lat' dir='ltr'>eius</span> <span class='ocrx_word' id='word_1_31' title='bbox 685 894 734 947; x_wconf 80' lang='lat' dir='ltr'>vita</span> <span class='ocrx_word' id='word_1_32' title='bbox 760 894 957 965; x_wconf 80' lang='lat' dir='ltr'>interrogatus,</span> <span class='ocrx_word' id='word_1_33' title='bbox 989 896 1061 949; x_wconf 87' lang='lat' dir='ltr'>unde</span> <span class='ocrx_word' id='word_1_34' title='bbox 1079 908 1159 961; x_wconf 73' lang='lat' dir='ltr'>esset,</span> <span class='ocrx_word' id='word_1_35' title='bbox 1187 896 1331 967; x_wconf 70' lang='lat' dir='ltr'>respondit,</span> 
     </span>
     <span class='ocr_line' id='line_1_6' title="bbox 285 980 1331 1052; baseline 0.004 -19"><span class='ocrx_word' id='word_1_36' title='bbox 285 1000 343 1034; x_wconf 76' lang='lat' dir='ltr'>sum</span> <span class='ocrx_word' id='word_1_37' title='bbox 362 982 559 1048; x_wconf 75' lang='grc' dir='ltr'><strong>κοσμοπολίτης.</strong></span> <span class='ocrx_word' id='word_1_38' title='bbox 594 980 733 1052; x_wconf 76' lang='lat' dir='ltr'><strong>Epictetus</strong></span> <span class='ocrx_word' id='word_1_39' title='bbox 751 983 910 1046; x_wconf 66' lang='lat' dir='ltr'>Disseruit,</span> <span class='ocrx_word' id='word_1_40' title='bbox 929 987 976 1038; x_wconf 79' lang='lat' dir='ltr'>to:</span> <span class='ocrx_word' id='word_1_41' title='bbox 1006 986 1114 1052; x_wconf 75' lang='grc' dir='ltr'><strong><em>πολίτης</em></strong></span> <span class='ocrx_word' id='word_1_42' title='bbox 1130 980 1155 1037; x_wconf 73' lang='grc' dir='ltr'>εἷ</span> <span class='ocrx_word' id='word_1_43' title='bbox 1169 990 1217 1037; x_wconf 79' lang='grc' dir='ltr'>τοῦ</span> <span class='ocrx_word' id='word_1_44' title='bbox 1236 980 1331 1047; x_wconf 72' lang='grc' dir='ltr'>κόσμου</span> 
     </span>
     <span class='ocr_line' id='line_1_7' title="bbox 285 1059 1331 1138; baseline 0.008 -19"><span class='ocrx_word' id='word_1_45' title='bbox 285 1073 328 1119; x_wconf 76' lang='grc' dir='ltr'>καὶ</span> <span class='ocrx_word' id='word_1_46' title='bbox 344 1073 421 1138; x_wconf 64' lang='grc' dir='ltr'><strong><em>μέρος</em></strong></span> <span class='ocrx_word' id='word_1_47' title='bbox 437 1064 528 1120; x_wconf 69' lang='grc' dir='ltr'><strong>αὐτοῦ.</strong></span> <span class='ocrx_word' id='word_1_48' title='bbox 565 1068 637 1121; x_wconf 79' lang='lat' dir='ltr'>idem</span> <span class='ocrx_word' id='word_1_49' title='bbox 658 1068 702 1135; x_wconf 77' lang='lat' dir='ltr'>Ill,</span> <span class='ocrx_word' id='word_1_50' title='bbox 722 1071 770 1123; x_wconf 74' lang='lat'>29:</span> <span class='ocrx_word' id='word_1_51' title='bbox 799 1062 841 1122; x_wconf 73' lang='lat' dir='ltr'>iu</span> <span class='ocrx_word' id='word_1_52' title='bbox 869 1059 1085 1130; x_wconf 66' lang='grc' dir='ltr'>ὁκόσμοςοῖντος</span> <span class='ocrx_word' id='word_1_53' title='bbox 1110 1079 1158 1133; x_wconf 68' lang='grc' dir='ltr'>μία</span> <span class='ocrx_word' id='word_1_54' title='bbox 1177 1070 1251 1131; x_wconf 66' lang='lat' dir='ltr'>milae</span> <span class='ocrx_word' id='word_1_55' title='bbox 1267 1077 1331 1126; x_wconf 73' lang='grc' dir='ltr'><strong>ὶστί.</strong></span> 
     </span>
     <span class='ocr_line' id='line_1_8' title="bbox 284 1153 1332 1231; baseline 0.006 -26"><span class='ocrx_word' id='word_1_56' title='bbox 284 1153 329 1207; x_wconf 88' lang='lat' dir='ltr'>Sic</span> <span class='ocrx_word' id='word_1_57' title='bbox 347 1166 373 1209; x_wconf 89' lang='lat' dir='ltr'>et</span> <span class='ocrx_word' id='word_1_58' title='bbox 390 1154 543 1209; x_wconf 73' lang='lat' dir='ltr'>Christiani:</span> <span class='ocrx_word' id='word_1_59' title='bbox 562 1153 697 1210; x_wconf 74' lang='lat' dir='ltr'>Minucius</span> <span class='ocrx_word' id='word_1_60' title='bbox 715 1154 843 1211; x_wconf 81' lang='lat' dir='ltr'>Octavio:</span> <span class='ocrx_word' id='word_1_61' title='bbox 864 1159 925 1210; x_wconf 82' lang='lat' dir='ltr'>Non</span> <span class='ocrx_word' id='word_1_62' title='bbox 939 1159 1027 1226; x_wconf 70' lang='lat' dir='ltr'>possis</span> <span class='ocrx_word' id='word_1_63' title='bbox 1040 1159 1153 1227; x_wconf 75' lang='lat' dir='ltr'>pulchre</span> <span class='ocrx_word' id='word_1_64' title='bbox 1169 1180 1260 1231; x_wconf 79' lang='lat' dir='ltr'>gerere</span> <span class='ocrx_word' id='word_1_65' title='bbox 1278 1179 1332 1213; x_wconf 82' lang='lat' dir='ltr'>rem</span> 
     </span>
     <span class='ocr_line' id='line_1_9' title="bbox 285 1243 1333 1313; baseline 0.007 -22"><span class='ocrx_word' id='word_1_66' title='bbox 285 1243 402 1307; x_wconf 79' lang='lat' dir='ltr'>civilem,</span> <span class='ocrx_word' id='word_1_67' title='bbox 420 1244 472 1294; x_wconf 77' lang='lat' dir='ltr'>nisi</span> <span class='ocrx_word' id='word_1_68' title='bbox 490 1243 643 1313; x_wconf 71' lang='lat' dir='ltr'>cognoveris</span> <span class='ocrx_word' id='word_1_69' title='bbox 661 1243 731 1293; x_wconf 76' lang='lat' dir='ltr'>lianc</span> <span class='ocrx_word' id='word_1_70' title='bbox 749 1260 910 1296; x_wconf 85' lang='lat' dir='ltr'>communem</span> <span class='ocrx_word' id='word_1_71' title='bbox 928 1246 1043 1296; x_wconf 83' lang='lat' dir='ltr'>omnium</span> <span class='ocrx_word' id='word_1_72' title='bbox 1061 1247 1153 1298; x_wconf 81' lang='lat' dir='ltr'>mundi</span> <span class='ocrx_word' id='word_1_73' title='bbox 1171 1248 1333 1300; x_wconf 77' lang='lat' dir='ltr'>civitatem.“</span> 
     </span>
     <span class='ocr_line' id='line_1_10' title="bbox 285 1319 1331 1401; baseline 0.002 -20"><span class='ocrx_word' id='word_1_74' title='bbox 285 1319 462 1386; x_wconf 78' lang='lat' dir='ltr'>Graevius.</span> <span class='ocrx_word' id='word_1_75' title='bbox 498 1330 544 1382; x_wconf 82' lang='lat' dir='ltr'>Est</span> <span class='ocrx_word' id='word_1_76' title='bbox 569 1330 632 1382; x_wconf 87' lang='lat' dir='ltr'>item</span> <span class='ocrx_word' id='word_1_77' title='bbox 658 1329 729 1400; x_wconf 81' lang='lat' dir='ltr'>apud</span> <span class='ocrx_word' id='word_1_78' title='bbox 748 1330 852 1384; x_wconf 85' lang='lat' dir='ltr'>Minue.</span> <span class='ocrx_word' id='word_1_79' title='bbox 870 1330 953 1383; x_wconf 81' lang='lat' dir='ltr'>Felic.</span> <span class='ocrx_word' id='word_1_80' title='bbox 974 1351 1000 1401; x_wconf 87' lang='lat' dir='ltr'>p.</span> <span class='ocrx_word' id='word_1_81' title='bbox 1019 1335 1062 1385; x_wconf 72' lang='grc'><strong>31.</strong></span> <span class='ocrx_word' id='word_1_82' title='bbox 1080 1332 1121 1385; x_wconf 84' lang='lat' dir='ltr'>ed.</span> <span class='ocrx_word' id='word_1_83' title='bbox 1140 1332 1247 1385; x_wconf 82' lang='lat' dir='ltr'>Oucel.:</span> <span class='ocrx_word' id='word_1_84' title='bbox 1273 1338 1331 1384; x_wconf 88' lang='lat' dir='ltr'>Deo</span> 
     </span>
     <span class='ocr_line' id='line_1_11' title="bbox 284 1416 1330 1484; baseline 0.002 -15"><span class='ocrx_word' id='word_1_85' title='bbox 284 1438 338 1470; x_wconf 82' lang='lat' dir='ltr'>una</span> <span class='ocrx_word' id='word_1_86' title='bbox 357 1420 508 1471; x_wconf 71' lang='lat' dir='ltr'>domarent</span> <span class='ocrx_word' id='word_1_87' title='bbox 527 1418 641 1469; x_wconf 76' lang='lat' dir='ltr'>mundus</span> <span class='ocrx_word' id='word_1_88' title='bbox 660 1416 703 1467; x_wconf 77' lang='lat' dir='ltr'>liic</span> <span class='ocrx_word' id='word_1_89' title='bbox 721 1426 813 1475; x_wconf 79' lang='lat' dir='ltr'>totus,·</span> <span class='ocrx_word' id='word_1_90' title='bbox 841 1417 961 1471; x_wconf 76' lang='lat' dir='ltr'>similiter</span> <span class='ocrx_word' id='word_1_91' title='bbox 980 1418 1099 1473; x_wconf 84' lang='lat' dir='ltr'>Lactant.</span> <span class='ocrx_word' id='word_1_92' title='bbox 1125 1420 1184 1473; x_wconf 78' lang='lat' dir='ltr'>Dii.</span> <span class='ocrx_word' id='word_1_93' title='bbox 1204 1421 1264 1472; x_wconf 82' lang='lat' dir='ltr'>inst.</span> <span class='ocrx_word' id='word_1_94' title='bbox 1284 1420 1330 1484; x_wconf 87' lang='lat' dir='ltr'>lV,</span> 
     </span>
     <span class='ocr_line' id='line_1_12' title="bbox 286 1502 1331 1575; baseline 0.004 -18"><span class='ocrx_word' id='word_1_95' title='bbox 286 1510 329 1558; x_wconf 80' lang='grc'>25.</span> <span class='ocrx_word' id='word_1_96' title='bbox 367 1506 443 1558; x_wconf 80' lang='lat' dir='ltr'>Philo</span> <span class='ocrx_word' id='word_1_97' title='bbox 462 1505 519 1557; x_wconf 90' lang='lat' dir='ltr'>lud.</span> <span class='ocrx_word' id='word_1_98' title='bbox 538 1505 570 1556; x_wconf 89' lang='lat' dir='ltr'>de</span> <span class='ocrx_word' id='word_1_99' title='bbox 588 1502 730 1557; x_wconf 82' lang='lat' dir='ltr'>Monarch.</span> <span class='ocrx_word' id='word_1_100' title='bbox 748 1503 781 1569; x_wconf 88' lang='lat' dir='ltr'>ll,</span> <span class='ocrx_word' id='word_1_101' title='bbox 801 1524 826 1575; x_wconf 85' lang='lat' dir='ltr'>p.</span> <span class='ocrx_word' id='word_1_102' title='bbox 843 1509 905 1560; x_wconf 96' lang='grc'><strong>564.</strong></span> <span class='ocrx_word' id='word_1_103' title='bbox 942 1505 1032 1574; x_wconf 83' lang='lat' dir='ltr'>Quem</span> <span class='ocrx_word' id='word_1_104' title='bbox 1049 1519 1111 1561; x_wconf 84' lang='lat' dir='ltr'>ver&#39;o</span> <span class='ocrx_word' id='word_1_105' title='bbox 1128 1507 1218 1561; x_wconf 75' lang='lat' dir='ltr'>laudat</span> <span class='ocrx_word' id='word_1_106' title='bbox 1236 1507 1331 1561; x_wconf 78' lang='lat' dir='ltr'>Graev.</span> 
     </span>
     <span class='ocr_line' id='line_1_13' title="bbox 284 1591 978 1662; baseline 0 -17"><span class='ocrx_word' id='word_1_107' title='bbox 284 1593 375 1647; x_wconf 88' lang='lat' dir='ltr'>locum</span> <span class='ocrx_word' id='word_1_108' title='bbox 395 1592 523 1657; x_wconf 85' lang='lat' dir='ltr'>Minucii,</span> <span class='ocrx_word' id='word_1_109' title='bbox 544 1602 581 1644; x_wconf 76' lang='lat' dir='ltr'>eet</span> <span class='ocrx_word' id='word_1_110' title='bbox 603 1591 625 1644; x_wconf 78' lang='lat' dir='ltr'>ie</span> <span class='ocrx_word' id='word_1_111' title='bbox 642 1611 669 1662; x_wconf 88' lang='lat' dir='ltr'>p.</span> <span class='ocrx_word' id='word_1_112' title='bbox 687 1595 730 1646; x_wconf 84' lang='lat'>16.</span> <span class='ocrx_word' id='word_1_113' title='bbox 750 1593 793 1647; x_wconf 87' lang='lat' dir='ltr'>ed.</span> <span class='ocrx_word' id='word_1_114' title='bbox 812 1592 879 1647; x_wconf 84' lang='lat' dir='ltr'>Ouz.</span> <span class='ocrx_word' id='word_1_115' title='bbox 914 1591 978 1647; x_wconf 79' lang='lat' dir='ltr'>Mu.¹</span> 
     </span>
    </p>

    <p class='ocr_par' dir='ltr' id='par_1_4' title="bbox 284 1677 1333 1841">
     <span class='ocr_line' id='line_1_14' title="bbox 355 1677 1330 1747; baseline 0.001 -16"><span class='ocrx_word' id='word_1_116' title='bbox 355 1700 436 1732; x_wconf 82' lang='lat' dir='ltr'>unam</span> <span class='ocrx_word' id='word_1_117' title='bbox 456 1679 556 1745; x_wconf 82' lang='lat' dir='ltr'>urbem]</span> <span class='ocrx_word' id='word_1_118' title='bbox 576 1678 750 1745; x_wconf 86' lang='lat' dir='ltr'>„Stoicorum</span> <span class='ocrx_word' id='word_1_119' title='bbox 770 1680 906 1734; x_wconf 86' lang='lat' dir='ltr'>decretum</span> <span class='ocrx_word' id='word_1_120' title='bbox 927 1692 978 1747; x_wconf 81' lang='lat' dir='ltr'>est,</span> <span class='ocrx_word' id='word_1_121' title='bbox 1004 1677 1050 1733; x_wconf 74' lang='lat' dir='ltr'>eir</span> <span class='ocrx_word' id='word_1_122' title='bbox 1067 1678 1161 1744; x_wconf 70' lang='grc' dir='ltr'><strong><em>κόσμον</em></strong></span> <span class='ocrx_word' id='word_1_123' title='bbox 1176 1700 1231 1734; x_wconf 75' lang='lat' dir='ltr'>esse</span> <span class='ocrx_word' id='word_1_124' title='bbox 1249 1700 1330 1733; x_wconf 80' lang='lat' dir='ltr'>unam</span> 
     </span>
     <span class='ocr_line' id='line_1_15' title="bbox 284 1768 1333 1841; baseline -0.002 -18"><span class='ocrx_word' id='word_1_125' title='bbox 284 1769 427 1836; x_wconf 82' lang='lat' dir='ltr'>civitatem,</span> <span class='ocrx_word' id='word_1_126' title='bbox 455 1769 483 1822; x_wconf 91' lang='lat' dir='ltr'>in</span> <span class='ocrx_word' id='word_1_127' title='bbox 503 1788 555 1841; x_wconf 80' lang='lat' dir='ltr'>que</span> <span class='ocrx_word' id='word_1_128' title='bbox 576 1768 698 1821; x_wconf 84' lang='lat' dir='ltr'>homines</span> <span class='ocrx_word' id='word_1_129' title='bbox 719 1780 746 1822; x_wconf 80' lang='lat' dir='ltr'>et</span> <span class='ocrx_word' id='word_1_130' title='bbox 771 1768 807 1820; x_wconf 85' lang='lat' dir='ltr'>dii</span> <span class='ocrx_word' id='word_1_131' title='bbox 832 1769 885 1822; x_wconf 84' lang='lat' dir='ltr'>sint</span> <span class='ocrx_word' id='word_1_132' title='bbox 903 1769 984 1833; x_wconf 68' lang='lat' dir='ltr'>cives,</span> <span class='ocrx_word' id='word_1_133' title='bbox 1008 1789 1127 1823; x_wconf 70' lang='lat' dir='ltr'>suminus</span> <span class='ocrx_word' id='word_1_134' title='bbox 1151 1782 1239 1824; x_wconf 82' lang='lat' dir='ltr'>autem</span> <span class='ocrx_word' id='word_1_135' title='bbox 1268 1769 1333 1822; x_wconf 81' lang='lat' dir='ltr'>deus</span> 
     </span>
    </p>
   </div>
   <div class='ocr_carea' id='block_1_3' title="bbox 284 1853 1331 1928">
    <p class='ocr_par' dir='ltr' id='par_1_5' title="bbox 284 1853 1331 1928">
     <span class='ocr_line' id='line_1_16' title="bbox 284 1853 1331 1928; baseline 0.002 -21"><span class='ocrx_word' id='word_1_136' title='bbox 284 1858 408 1928; x_wconf 65' lang='lat' dir='ltr'>princepe</span> <span class='ocrx_word' id='word_1_137' title='bbox 427 1868 452 1908; x_wconf 87' lang='lat' dir='ltr'>et</span> <span class='ocrx_word' id='word_1_138' title='bbox 470 1857 642 1926; x_wconf 78' lang='lat' dir='ltr'>gubernator.</span> <span class='ocrx_word' id='word_1_139' title='bbox 664 1854 725 1908; x_wconf 83' lang='lat' dir='ltr'>vid.</span> <span class='ocrx_word' id='word_1_140' title='bbox 744 1853 801 1908; x_wconf 88' lang='lat' dir='ltr'>Cic.</span> <span class='ocrx_word' id='word_1_141' title='bbox 823 1855 856 1908; x_wconf 86' lang='lat' dir='ltr'>de</span> <span class='ocrx_word' id='word_1_142' title='bbox 873 1855 954 1925; x_wconf 76' lang='lat' dir='ltr'>Legg.</span> <span class='ocrx_word' id='word_1_143' title='bbox 972 1855 991 1907; x_wconf 93' lang='grc'><strong>1.</strong></span> <span class='ocrx_word' id='word_1_144' title='bbox 1011 1874 1033 1908; x_wconf 88' lang='lat' dir='ltr'>c.</span> <span class='ocrx_word' id='word_1_145' title='bbox 1046 1858 1091 1910; x_wconf 80' lang='lat'>8.“</span> <span class='ocrx_word' id='word_1_146' title='bbox 1110 1857 1172 1923; x_wconf 81' lang='lat' dir='ltr'>[vid.</span> <span class='ocrx_word' id='word_1_147' title='bbox 1193 1876 1218 1926; x_wconf 82' lang='lat' dir='ltr'>p.</span> <span class='ocrx_word' id='word_1_148' title='bbox 1228 1858 1271 1910; x_wconf 82' lang='grc'>58.</span> <span class='ocrx_word' id='word_1_149' title='bbox 1290 1855 1331 1909; x_wconf 83' lang='lat' dir='ltr'>ed.</span> 
     </span>
    </p>
   </div>
   <div class='ocr_carea' id='block_1_4' title="bbox 284 1942 1417 2015">
    <p class='ocr_par' dir='ltr' id='par_1_6' title="bbox 284 1942 1417 2015">
     <span class='ocr_line' id='line_1_17' title="bbox 284 1942 1417 2015; baseline -0.004 -19"><span class='ocrx_word' id='word_1_150' title='bbox 284 1955 365 1998; x_wconf 74' lang='lat' dir='ltr'>nostr.</span> <span class='ocrx_word' id='word_1_151' title='bbox 385 1944 449 2015; x_wconf 89' lang='lat' dir='ltr'>ibiq.</span> <span class='ocrx_word' id='word_1_152' title='bbox 468 1954 561 1997; x_wconf 81' lang='lat' dir='ltr'>annot.</span> <span class='ocrx_word' id='word_1_153' title='bbox 579 1942 648 1995; x_wconf 81' lang='lat' dir='ltr'>Adu.</span> <span class='ocrx_word' id='word_1_154' title='bbox 668 1942 704 1997; x_wconf 91' lang='lat' dir='ltr'>ib.</span> <span class='ocrx_word' id='word_1_155' title='bbox 723 1942 742 2005; x_wconf 85' lang='grc' dir='ltr'>Ι,</span> <span class='ocrx_word' id='word_1_156' title='bbox 762 1944 806 1993; x_wconf 80' lang='grc'><strong>23.</strong></span> <span class='ocrx_word' id='word_1_157' title='bbox 824 1961 850 2010; x_wconf 91' lang='lat' dir='ltr'>p.</span> <span class='ocrx_word' id='word_1_158' title='bbox 870 1944 936 1994; x_wconf 73' lang='lat'>141:</span> <span class='ocrx_word' id='word_1_159' title='bbox 962 1960 1019 1992; x_wconf 75' lang='lat' dir='ltr'>nese</span> <span class='ocrx_word' id='word_1_160' title='bbox 1037 1962 1089 1994; x_wconf 83' lang='lat' dir='ltr'>non</span> <span class='ocrx_word' id='word_1_161' title='bbox 1112 1944 1193 1994; x_wconf 77' lang='lat' dir='ltr'>urziue</span> <span class='ocrx_word' id='word_1_162' title='bbox 1217 1944 1332 1993; x_wconf 86' lang='lat' dir='ltr'>circum-</span> <span class='ocrx_word' id='word_1_163' title='bbox 1411 1982 1417 1992; x_wconf 89' lang='lat'>.</span> 
     </span>
    </p>
   </div>
   <div class='ocr_carea' id='block_1_5' title="bbox 281 2027 1332 4285">
    <p class='ocr_par' dir='ltr' id='par_1_7' title="bbox 282 2027 1331 2710">
     <span class='ocr_line' id='line_1_18' title="bbox 284 2027 1331 2099; baseline 0.003 -20"><span class='ocrx_word' id='word_1_164' title='bbox 284 2032 379 2082; x_wconf 82' lang='lat' dir='ltr'>datum</span> <span class='ocrx_word' id='word_1_165' title='bbox 398 2031 531 2082; x_wconf 77' lang='lat' dir='ltr'>moenibus</span> <span class='ocrx_word' id='word_1_166' title='bbox 548 2030 612 2089; x_wconf 87' lang='lat' dir='ltr'>loci,</span> <span class='ocrx_word' id='word_1_167' title='bbox 638 2028 686 2077; x_wconf 77' lang='lat' dir='ltr'>sed</span> <span class='ocrx_word' id='word_1_168' title='bbox 707 2027 788 2078; x_wconf 74' lang='lat' dir='ltr'>civem</span> <span class='ocrx_word' id='word_1_169' title='bbox 814 2027 900 2078; x_wconf 68' lang='lat' dir='ltr'>totius</span> <span class='ocrx_word' id='word_1_170' title='bbox 924 2028 1030 2093; x_wconf 83' lang='lat' dir='ltr'>mundi,</span> <span class='ocrx_word' id='word_1_171' title='bbox 1053 2031 1133 2099; x_wconf 78' lang='lat' dir='ltr'>quani</span> <span class='ocrx_word' id='word_1_172' title='bbox 1150 2029 1231 2082; x_wconf 79' lang='lat' dir='ltr'>nnius</span> <span class='ocrx_word' id='word_1_173' title='bbox 1249 2030 1331 2094; x_wconf 72' lang='lat' dir='ltr'>urbis,</span> 
     </span>
     <span class='ocr_line' id='line_1_19' title="bbox 284 2113 1330 2188; baseline 0.002 -21"><span class='ocrx_word' id='word_1_174' title='bbox 284 2118 440 2187; x_wconf 67' lang='lat' dir='ltr'>agnoverit,-</span> <span class='ocrx_word' id='word_1_175' title='bbox 460 2117 493 2168; x_wconf 87' lang='lat' dir='ltr'>de</span> <span class='ocrx_word' id='word_1_176' title='bbox 510 2114 532 2165; x_wconf 88' lang='lat' dir='ltr'>F</span> <span class='ocrx_word' id='word_1_177' title='bbox 533 2115 588 2166; x_wconf 90' lang='lat' dir='ltr'>inn.</span> <span class='ocrx_word' id='word_1_178' title='bbox 603 2113 648 2179; x_wconf 83' lang='lat' dir='ltr'>ill,</span> <span class='ocrx_word' id='word_1_179' title='bbox 666 2114 714 2165; x_wconf 78' lang='lat'>19:</span> <span class='ocrx_word' id='word_1_180' title='bbox 734 2113 862 2166; x_wconf 83' lang='lat' dir='ltr'>mundum</span> <span class='ocrx_word' id='word_1_181' title='bbox 878 2124 970 2188; x_wconf 70' lang='lat' dir='ltr'>autem</span> <span class='ocrx_word' id='word_1_182' title='bbox 987 2128 1093 2168; x_wconf 68' lang='lat' dir='ltr'>censent</span> <span class='ocrx_word' id='word_1_183' title='bbox 1111 2146 1144 2156; x_wconf 90' lang='lat'>-</span> <span class='ocrx_word' id='word_1_184' title='bbox 1164 2117 1244 2188; x_wconf 75' lang='lat' dir='ltr'>quasi</span> <span class='ocrx_word' id='word_1_185' title='bbox 1261 2138 1330 2182; x_wconf 69' lang='lat' dir='ltr'>cnm·</span> 
     </span>
     <span class='ocr_line' id='line_1_20' title="bbox 284 2200 1330 2270; baseline 0.001 -16"><span class='ocrx_word' id='word_1_186' title='bbox 284 2222 386 2255; x_wconf 74' lang='lat' dir='ltr'><em>mamm</em></span> <span class='ocrx_word' id='word_1_187' title='bbox 414 2202 504 2253; x_wconf 76' lang='lat' dir='ltr'>urbem</span> <span class='ocrx_word' id='word_1_188' title='bbox 531 2211 559 2253; x_wconf 82' lang='lat' dir='ltr'>et</span> <span class='ocrx_word' id='word_1_189' title='bbox 587 2200 724 2252; x_wconf 76' lang='lat' dir='ltr'>civitatem</span> <span class='ocrx_word' id='word_1_190' title='bbox 749 2200 883 2252; x_wconf 78' lang='lat' dir='ltr'>hominum</span> <span class='ocrx_word' id='word_1_191' title='bbox 907 2211 933 2252; x_wconf 85' lang='lat' dir='ltr'>et</span> <span class='ocrx_word' id='word_1_192' title='bbox 960 2202 1084 2263; x_wconf 67' lang='lat' dir='ltr'>deorum</span> <span class='ocrx_word' id='word_1_193' title='bbox 1112 2204 1149 2257; x_wconf 92' lang='lat' dir='ltr'>ib.</span> <span class='ocrx_word' id='word_1_194' title='bbox 1166 2204 1213 2270; x_wconf 86' lang='lat' dir='ltr'>tV,</span> <span class='ocrx_word' id='word_1_195' title='bbox 1229 2207 1260 2258; x_wconf 76' lang='lat'>3:</span> <span class='ocrx_word' id='word_1_196' title='bbox 1288 2207 1330 2257; x_wconf 78' lang='lat' dir='ltr'>At</span> 
     </span>
     <span class='ocr_line' id='line_1_21' title="bbox 283 2287 1331 2361; baseline 0.002 -20"><span class='ocrx_word' id='word_1_197' title='bbox 283 2301 388 2361; x_wconf 81' lang='lat' dir='ltr'>quanta</span> <span class='ocrx_word' id='word_1_198' title='bbox 407 2299 556 2350; x_wconf 85' lang='lat' dir='ltr'>conantur,</span> <span class='ocrx_word' id='word_1_199' title='bbox 586 2288 713 2339; x_wconf 82' lang='lat' dir='ltr'>mundum</span> <span class='ocrx_word' id='word_1_200' title='bbox 732 2288 804 2338; x_wconf 74' lang='lat' dir='ltr'>hunc</span> <span class='ocrx_word' id='word_1_201' title='bbox 821 2307 921 2339; x_wconf 83' lang='lat' dir='ltr'>omnem</span> <span class='ocrx_word' id='word_1_202' title='bbox 940 2287 1034 2356; x_wconf 77' lang='lat' dir='ltr'>[Stoici</span> <span class='ocrx_word' id='word_1_203' title='bbox 1054 2290 1182 2358; x_wconf 73' lang='lat' dir='ltr'>dicentes]</span> <span class='ocrx_word' id='word_1_204' title='bbox 1207 2293 1331 2360; x_wconf 75' lang='lat' dir='ltr'>oppidum</span> 
     </span>
     <span class='ocr_line' id='line_1_22' title="bbox 282 2376 1329 2447; baseline 0.004 -20"><span class='ocrx_word' id='word_1_205' title='bbox 282 2396 338 2429; x_wconf 70' lang='lat' dir='ltr'>erre</span> <span class='ocrx_word' id='word_1_206' title='bbox 356 2378 495 2444; x_wconf 66' lang='lat' dir='ltr'>nostrum]</span> <span class='ocrx_word' id='word_1_207' title='bbox 514 2376 576 2447; x_wconf 87' lang='lat' dir='ltr'>Wy</span> <span class='ocrx_word' id='word_1_208' title='bbox 588 2376 694 2430; x_wconf 83' lang='lat' dir='ltr'>ttenb.</span> <span class='ocrx_word' id='word_1_209' title='bbox 731 2377 857 2429; x_wconf 85' lang='lat' dir='ltr'>Ceterum</span> <span class='ocrx_word' id='word_1_210' title='bbox 878 2377 984 2432; x_wconf 78' lang='lat' dir='ltr'>attende</span> <span class='ocrx_word' id='word_1_211' title='bbox 1001 2376 1035 2433; x_wconf 80' lang='lat' dir='ltr'>ad</span> <span class='ocrx_word' id='word_1_212' title='bbox 1054 2378 1272 2433; x_wconf 79' lang='lat' dir='ltr'>paronomasiam</span> <span class='ocrx_word' id='word_1_213' title='bbox 1290 2379 1329 2431; x_wconf 83' lang='lat' dir='ltr'>vei</span> 
     </span>
     <span class='ocr_line' id='line_1_23' title="bbox 282 2462 1331 2533; baseline 0.003 -17"><span class='ocrx_word' id='word_1_214' title='bbox 282 2465 441 2533; x_wconf 73' lang='grc' dir='ltr'>παρήχησιν,</span> <span class='ocrx_word' id='word_1_215' title='bbox 462 2485 476 2517; x_wconf 81' lang='lat' dir='ltr'>a</span> <span class='ocrx_word' id='word_1_216' title='bbox 496 2462 635 2517; x_wconf 78' lang='lat' dir='ltr'>Ciceronis</span> <span class='ocrx_word' id='word_1_217' title='bbox 652 2482 701 2516; x_wconf 74' lang='lat' dir='ltr'>usu</span> <span class='ocrx_word' id='word_1_218' title='bbox 721 2481 776 2517; x_wconf 89' lang='lat' dir='ltr'>nou</span> <span class='ocrx_word' id='word_1_219' title='bbox 795 2462 924 2529; x_wconf 75' lang='lat' dir='ltr'>alienam,</span> <span class='ocrx_word' id='word_1_220' title='bbox 942 2465 970 2519; x_wconf 87' lang='lat' dir='ltr'>in</span> <span class='ocrx_word' id='word_1_221' title='bbox 989 2466 1074 2520; x_wconf 75' lang='lat' dir='ltr'>verbis</span> <span class='ocrx_word' id='word_1_222' title='bbox 1092 2467 1178 2520; x_wconf 78' lang='lat' dir='ltr'>orbem</span> <span class='ocrx_word' id='word_1_223' title='bbox 1195 2480 1221 2521; x_wconf 84' lang='lat' dir='ltr'>et</span> <span class='ocrx_word' id='word_1_224' title='bbox 1233 2468 1331 2531; x_wconf 83' lang='lat' dir='ltr'>urbem,</span> 
     </span>
     <span class='ocr_line' id='line_1_24' title="bbox 283 2549 1330 2626; baseline 0.005 -22"><span class='ocrx_word' id='word_1_225' title='bbox 283 2572 397 2624; x_wconf 76' lang='lat' dir='ltr'>quarum</span> <span class='ocrx_word' id='word_1_226' title='bbox 417 2552 535 2624; x_wconf 83' lang='lat' dir='ltr'>exempla</span> <span class='ocrx_word' id='word_1_227' title='bbox 555 2551 687 2622; x_wconf 67' lang='lat' dir='ltr'>congessit</span> <span class='ocrx_word' id='word_1_228' title='bbox 704 2549 735 2603; x_wconf 87' lang='lat' dir='ltr'>C.</span> <span class='ocrx_word' id='word_1_229' title='bbox 748 2550 858 2605; x_wconf 76' lang='lat' dir='ltr'>Beierus</span> <span class='ocrx_word' id='word_1_230' title='bbox 876 2552 908 2604; x_wconf 81' lang='lat' dir='ltr'>ud</span> <span class='ocrx_word' id='word_1_231' title='bbox 921 2550 978 2605; x_wconf 88' lang='lat' dir='ltr'>Cic.</span> <span class='ocrx_word' id='word_1_232' title='bbox 987 2554 1058 2607; x_wconf 80' lang='lat' dir='ltr'>Lael.</span> <span class='ocrx_word' id='word_1_233' title='bbox 1068 2557 1112 2619; x_wconf 80' lang='grc'>25,</span> <span class='ocrx_word' id='word_1_234' title='bbox 1123 2559 1166 2609; x_wconf 74' lang='grc'><strong>82.</strong></span> <span class='ocrx_word' id='word_1_235' title='bbox 1185 2558 1268 2626; x_wconf 52' lang='lat' dir='ltr'>utet</span> <span class='ocrx_word' id='word_1_236' title='bbox 1280 2575 1330 2625; x_wconf 65' lang='lat' dir='ltr'>eq„</span> 
     </span>
     <span class='ocr_line' id='line_1_25' title="bbox 284 2638 1215 2710; baseline 0.001 -18"><span class='ocrx_word' id='word_1_237' title='bbox 284 2641 329 2710; x_wconf 90' lang='lat' dir='ltr'>qui</span> <span class='ocrx_word' id='word_1_238' title='bbox 351 2640 482 2692; x_wconf 81' lang='lat' dir='ltr'>librorum</span> <span class='ocrx_word' id='word_1_239' title='bbox 501 2639 581 2692; x_wconf 82' lang='lat' dir='ltr'>etiam</span> <span class='ocrx_word' id='word_1_240' title='bbox 600 2638 721 2708; x_wconf 80' lang='lat' dir='ltr'>copiam,</span> <span class='ocrx_word' id='word_1_241' title='bbox 740 2638 793 2692; x_wconf 85' lang='lat' dir='ltr'>huc</span> <span class='ocrx_word' id='word_1_242' title='bbox 811 2639 983 2706; x_wconf 78' lang='lat' dir='ltr'>facientium,</span> <span class='ocrx_word' id='word_1_243' title='bbox 1002 2641 1124 2695; x_wconf 78' lang='lat' dir='ltr'>laudavit.</span> <span class='ocrx_word' id='word_1_244' title='bbox 1159 2642 1215 2694; x_wconf 59' lang='grc' dir='ltr'><strong>ΜΡ.</strong></span> 
     </span>
    </p>

    <p class='ocr_par' dir='ltr' id='par_1_8' title="bbox 282 2723 1332 3567">
     <span class='ocr_line' id='line_1_26' title="bbox 354 2723 1332 2796; baseline 0.002 -19"><span class='ocrx_word' id='word_1_245' title='bbox 354 2745 410 2777; x_wconf 73' lang='lat' dir='ltr'>esre</span> <span class='ocrx_word' id='word_1_246' title='bbox 428 2726 541 2791; x_wconf 81' lang='lat' dir='ltr'>ducunt]</span> <span class='ocrx_word' id='word_1_247' title='bbox 562 2723 629 2777; x_wconf 89' lang='lat' dir='ltr'>Cod.</span> <span class='ocrx_word' id='word_1_248' title='bbox 646 2724 697 2778; x_wconf 78' lang='lat' dir='ltr'>Ox.</span> <span class='ocrx_word' id='word_1_249' title='bbox 712 2726 731 2778; x_wconf 92' lang='grc' dir='ltr'><strong>Ι.</strong></span> <span class='ocrx_word' id='word_1_250' title='bbox 748 2745 805 2779; x_wconf 69' lang='lat' dir='ltr'>eece</span> <span class='ocrx_word' id='word_1_251' title='bbox 819 2737 970 2795; x_wconf 51' lang='lat' dir='ltr'>putenm·</span> <span class='ocrx_word' id='word_1_252' title='bbox 990 2726 1055 2781; x_wconf 78' lang='lat' dir='ltr'>Oxx.</span> <span class='ocrx_word' id='word_1_253' title='bbox 1076 2728 1106 2780; x_wconf 88' lang='lat' dir='ltr'>E.</span> <span class='ocrx_word' id='word_1_254' title='bbox 1126 2749 1150 2796; x_wconf 74' lang='grc' dir='ltr'>η.</span> <span class='ocrx_word' id='word_1_255' title='bbox 1170 2731 1332 2781; x_wconf 76' lang='lat' dir='ltr'>Cre.1.2.3.</span> 
     </span>
     <span class='ocr_line' id='line_1_27' title="bbox 285 2806 1330 2871; baseline 0.001 -7"><span class='ocrx_word' id='word_1_256' title='bbox 285 2806 355 2866; x_wconf 87' lang='lat' dir='ltr'>Gud.</span> <span class='ocrx_word' id='word_1_257' title='bbox 373 2812 406 2866; x_wconf 86' lang='lat' dir='ltr'>B.</span> <span class='ocrx_word' id='word_1_258' title='bbox 432 2830 489 2866; x_wconf 76' lang='lat' dir='ltr'>ecee</span> <span class='ocrx_word' id='word_1_259' title='bbox 508 2812 646 2871; x_wconf 59' lang='lat' dir='ltr'>dicaam</span> <span class='ocrx_word' id='word_1_260' title='bbox 681 2813 761 2867; x_wconf 78' lang='lat' dir='ltr'>Drsd.</span> <span class='ocrx_word' id='word_1_261' title='bbox 781 2818 807 2869; x_wconf 85' lang='lat'>1.</span> <span class='ocrx_word' id='word_1_262' title='bbox 836 2834 892 2867; x_wconf 77' lang='lat' dir='ltr'>esse</span> <span class='ocrx_word' id='word_1_263' title='bbox 921 2816 1073 2870; x_wconf 56' lang='lat' dir='ltr'>decenn·</span> <span class='ocrx_word' id='word_1_264' title='bbox 1107 2814 1211 2866; x_wconf 78' lang='lat' dir='ltr'>Habent</span> <span class='ocrx_word' id='word_1_265' title='bbox 1236 2815 1330 2865; x_wconf 83' lang='lat' dir='ltr'>dicunt</span> 
     </span>
     <span class='ocr_line' id='line_1_28' title="bbox 284 2899 1331 2972; baseline 0.002 -20"><span class='ocrx_word' id='word_1_266' title='bbox 284 2900 363 2952; x_wconf 84' lang='lat' dir='ltr'>etiem</span> <span class='ocrx_word' id='word_1_267' title='bbox 383 2899 452 2953; x_wconf 83' lang='lat' dir='ltr'>Edd.</span> <span class='ocrx_word' id='word_1_268' title='bbox 468 2899 530 2954; x_wconf 82' lang='lat' dir='ltr'>Per.</span> <span class='ocrx_word' id='word_1_269' title='bbox 548 2918 568 2952; x_wconf 68' lang='grc' dir='ltr'><strong>ι.</strong></span> <span class='ocrx_word' id='word_1_270' title='bbox 585 2919 610 2952; x_wconf 77' lang='lat' dir='ltr'>a.</span> <span class='ocrx_word' id='word_1_271' title='bbox 628 2899 700 2955; x_wconf 87' lang='lat' dir='ltr'>Med.</span> <span class='ocrx_word' id='word_1_272' title='bbox 719 2904 798 2957; x_wconf 79' lang='grc'><strong>1492.</strong></span> <span class='ocrx_word' id='word_1_273' title='bbox 816 2901 894 2957; x_wconf 85' lang='lat' dir='ltr'>Hdtb.</span> <span class='ocrx_word' id='word_1_274' title='bbox 913 2923 933 2956; x_wconf 80' lang='lat' dir='ltr'>s.</span> <span class='ocrx_word' id='word_1_275' title='bbox 951 2903 968 2955; x_wconf 87' lang='lat' dir='ltr'>l.</span> <span class='ocrx_word' id='word_1_276' title='bbox 986 2914 1012 2956; x_wconf 89' lang='lat' dir='ltr'>et</span> <span class='ocrx_word' id='word_1_277' title='bbox 1030 2923 1054 2956; x_wconf 82' lang='lat' dir='ltr'>a.</span> <span class='ocrx_word' id='word_1_278' title='bbox 1072 2905 1137 2972; x_wconf 78' lang='lat' dir='ltr'>Arg.</span> <span class='ocrx_word' id='word_1_279' title='bbox 1156 2905 1236 2955; x_wconf 88' lang='grc'><strong>1515.</strong></span> <span class='ocrx_word' id='word_1_280' title='bbox 1274 2903 1331 2954; x_wconf 91' lang='lat' dir='ltr'>Vo-</span> 
     </span>
     <span class='ocr_line' id='line_1_29' title="bbox 284 2986 1330 3060; baseline 0.005 -20"><span class='ocrx_word' id='word_1_281' title='bbox 284 3002 342 3041; x_wconf 87' lang='lat' dir='ltr'>cem</span> <span class='ocrx_word' id='word_1_282' title='bbox 360 3005 416 3041; x_wconf 74' lang='lat' dir='ltr'>esse</span> <span class='ocrx_word' id='word_1_283' title='bbox 433 2986 531 3042; x_wconf 85' lang='lat' dir='ltr'>omittit</span> <span class='ocrx_word' id='word_1_284' title='bbox 547 2986 595 3041; x_wconf 84' lang='lat' dir='ltr'>Ed.</span> <span class='ocrx_word' id='word_1_285' title='bbox 614 2986 679 3041; x_wconf 82' lang='lat' dir='ltr'>Dav.</span> <span class='ocrx_word' id='word_1_286' title='bbox 698 2991 777 3043; x_wconf 91' lang='grc'><strong>1515.</strong></span> <span class='ocrx_word' id='word_1_287' title='bbox 812 2989 903 3060; x_wconf 82' lang='lat' dir='ltr'>Pergit</span> <span class='ocrx_word' id='word_1_288' title='bbox 922 2994 979 3043; x_wconf 78' lang='lat' dir='ltr'>Crz.</span> <span class='ocrx_word' id='word_1_289' title='bbox 998 2994 1022 3042; x_wconf 85' lang='lat'>1.</span> <span class='ocrx_word' id='word_1_290' title='bbox 1040 3009 1102 3043; x_wconf 87' lang='lat' dir='ltr'>cum</span> <span class='ocrx_word' id='word_1_291' title='bbox 1120 2988 1170 3043; x_wconf 78' lang='lat' dir='ltr'>Ox.</span> <span class='ocrx_word' id='word_1_292' title='bbox 1182 2989 1216 3044; x_wconf 90' lang='lat' dir='ltr'>U.</span> <span class='ocrx_word' id='word_1_293' title='bbox 1236 3002 1263 3042; x_wconf 83' lang='lat' dir='ltr'>te</span> <span class='ocrx_word' id='word_1_294' title='bbox 1281 2995 1330 3045; x_wconf 80' lang='lat' dir='ltr'>mi·</span> 
     </span>
     <span class='ocr_line' id='line_1_30' title="bbox 282 3073 1329 3145; baseline 0.008 -19"><span class='ocrx_word' id='word_1_295' title='bbox 282 3075 367 3127; x_wconf 76' lang='lat' dir='ltr'>seriae</span> <span class='ocrx_word' id='word_1_296' title='bbox 385 3084 418 3125; x_wconf 85' lang='lat' dir='ltr'>et</span> <span class='ocrx_word' id='word_1_297' title='bbox 437 3092 582 3129; x_wconf 78' lang='lat' dir='ltr'>aerumnae</span> <span class='ocrx_word' id='word_1_298' title='bbox 599 3073 659 3142; x_wconf 87' lang='lat' dir='ltr'>(Cr.</span> <span class='ocrx_word' id='word_1_299' title='bbox 679 3076 818 3145; x_wconf 76' lang='lat' dir='ltr'>erumpite)</span> <span class='ocrx_word' id='word_1_300' title='bbox 843 3078 923 3133; x_wconf 75' lang='lat' dir='ltr'>Drsd.</span> <span class='ocrx_word' id='word_1_301' title='bbox 941 3082 964 3131; x_wconf 92' lang='grc'><strong>1.</strong></span> <span class='ocrx_word' id='word_1_302' title='bbox 990 3076 1081 3131; x_wconf 77' lang='lat' dir='ltr'>Gueii.</span> <span class='ocrx_word' id='word_1_303' title='bbox 1106 3077 1177 3133; x_wconf 89' lang='lat' dir='ltr'>Gud.</span> <span class='ocrx_word' id='word_1_304' title='bbox 1198 3080 1230 3131; x_wconf 84' lang='grc' dir='ltr'><strong>Α.</strong></span> <span class='ocrx_word' id='word_1_305' title='bbox 1249 3080 1329 3134; x_wconf 82' lang='lat' dir='ltr'>Bern.</span> 
     </span>
     <span class='ocr_line' id='line_1_31' title="bbox 284 3163 1331 3235; baseline 0.001 -22"><span class='ocrx_word' id='word_1_306' title='bbox 284 3172 311 3213; x_wconf 81' lang='lat' dir='ltr'>te</span> <span class='ocrx_word' id='word_1_307' title='bbox 328 3165 445 3232; x_wconf 69' lang='lat' dir='ltr'>erripnae</span> <span class='ocrx_word' id='word_1_308' title='bbox 462 3168 601 3230; x_wconf 70' lang='lat' dir='ltr'>proiciunt,</span> <span class='ocrx_word' id='word_1_309' title='bbox 626 3173 653 3213; x_wconf 80' lang='lat' dir='ltr'>te</span> <span class='ocrx_word' id='word_1_310' title='bbox 678 3165 806 3216; x_wconf 74' lang='lat' dir='ltr'>miseriae.</span> <span class='ocrx_word' id='word_1_311' title='bbox 843 3163 901 3219; x_wconf 78' lang='lat' dir='ltr'>Cre.</span> <span class='ocrx_word' id='word_1_312' title='bbox 918 3172 942 3217; x_wconf 94' lang='grc'><strong>2.</strong></span> <span class='ocrx_word' id='word_1_313' title='bbox 964 3170 1000 3217; x_wconf 84' lang='lat' dir='ltr'>Te</span> <span class='ocrx_word' id='word_1_314' title='bbox 1019 3176 1066 3217; x_wconf 84' lang='lat' dir='ltr'>tue</span> <span class='ocrx_word' id='word_1_315' title='bbox 1084 3176 1208 3234; x_wconf 77' lang='lat' dir='ltr'>premunt</span> <span class='ocrx_word' id='word_1_316' title='bbox 1226 3169 1331 3235; x_wconf 74' lang='lat' dir='ltr'>eripne,</span> 
     </span>
     <span class='ocr_line' id='line_1_32' title="bbox 284 3249 1329 3321; baseline 0.004 -18"><span class='ocrx_word' id='word_1_317' title='bbox 284 3261 310 3303; x_wconf 84' lang='lat' dir='ltr'>te</span> <span class='ocrx_word' id='word_1_318' title='bbox 330 3249 440 3304; x_wconf 83' lang='lat' dir='ltr'>miserie.</span> <span class='ocrx_word' id='word_1_319' title='bbox 486 3250 549 3303; x_wconf 75' lang='lat' dir='ltr'>Post</span> <span class='ocrx_word' id='word_1_320' title='bbox 575 3262 699 3318; x_wconf 81' lang='lat' dir='ltr'>premunt</span> <span class='ocrx_word' id='word_1_321' title='bbox 728 3252 830 3306; x_wconf 86' lang='lat' dir='ltr'>addunt</span> <span class='ocrx_word' id='word_1_322' title='bbox 859 3273 947 3306; x_wconf 76' lang='lat' dir='ltr'>omnen</span> <span class='ocrx_word' id='word_1_323' title='bbox 971 3253 1056 3306; x_wconf 86' lang='lat' dir='ltr'>Codd.</span> <span class='ocrx_word' id='word_1_324' title='bbox 1082 3252 1147 3307; x_wconf 75' lang='lat' dir='ltr'>On.</span> <span class='ocrx_word' id='word_1_325' title='bbox 1165 3253 1196 3305; x_wconf 85' lang='grc' dir='ltr'><strong>Ε.</strong></span> <span class='ocrx_word' id='word_1_326' title='bbox 1214 3274 1239 3321; x_wconf 84' lang='grc' dir='ltr'><strong>η.</strong></span> <span class='ocrx_word' id='word_1_327' title='bbox 1258 3272 1281 3307; x_wconf 84' lang='lat' dir='ltr'>n.</span> <span class='ocrx_word' id='word_1_328' title='bbox 1301 3273 1329 3315; x_wconf 84' lang='grc' dir='ltr'><strong>ψ.</strong></span> 
     </span>
     <span class='ocr_line' id='line_1_33' title="bbox 283 3335 1329 3412; baseline 0.005 -23"><span class='ocrx_word' id='word_1_329' title='bbox 283 3336 361 3390; x_wconf 71' lang='grc' dir='ltr'><strong>ὓηά.</strong></span> <span class='ocrx_word' id='word_1_330' title='bbox 379 3340 405 3389; x_wconf 85' lang='grc'><strong>2.</strong></span> <span class='ocrx_word' id='word_1_331' title='bbox 424 3340 450 3390; x_wconf 85' lang='grc'><strong>4.</strong></span> <span class='ocrx_word' id='word_1_332' title='bbox 487 3335 594 3391; x_wconf 85' lang='lat' dir='ltr'>Suerin.</span> <span class='ocrx_word' id='word_1_333' title='bbox 612 3335 671 3393; x_wconf 77' lang='lat' dir='ltr'>Cre.</span> <span class='ocrx_word' id='word_1_334' title='bbox 691 3343 717 3393; x_wconf 79' lang='grc'><strong>3.</strong></span> <span class='ocrx_word' id='word_1_335' title='bbox 735 3340 827 3393; x_wconf 80' lang='lat' dir='ltr'>Duieb.</span> <span class='ocrx_word' id='word_1_336' title='bbox 847 3339 918 3394; x_wconf 87' lang='lat' dir='ltr'>Gud.</span> <span class='ocrx_word' id='word_1_337' title='bbox 937 3341 967 3394; x_wconf 88' lang='lat' dir='ltr'>B.</span> <span class='ocrx_word' id='word_1_338' title='bbox 993 3340 1060 3393; x_wconf 80' lang='lat' dir='ltr'>Eud.</span> <span class='ocrx_word' id='word_1_339' title='bbox 1080 3360 1135 3412; x_wconf 83' lang='lat' dir='ltr'>prc.</span> <span class='ocrx_word' id='word_1_340' title='bbox 1155 3346 1232 3397; x_wconf 92' lang='grc'><strong>1465.</strong></span> <span class='ocrx_word' id='word_1_341' title='bbox 1258 3341 1329 3395; x_wconf 77' lang='lat' dir='ltr'>Cret.</span> 
     </span>
     <span class='ocr_line' id='line_1_34' title="bbox 285 3420 1329 3495; baseline 0.007 -21"><span class='ocrx_word' id='word_1_342' title='bbox 285 3425 351 3477; x_wconf 90' lang='lat' dir='ltr'>Vict.</span> <span class='ocrx_word' id='word_1_343' title='bbox 368 3425 436 3478; x_wconf 83' lang='lat' dir='ltr'>Rob.</span> <span class='ocrx_word' id='word_1_344' title='bbox 454 3420 545 3495; x_wconf 76' lang='lat' dir='ltr'>steph.</span> <span class='ocrx_word' id='word_1_345' title='bbox 570 3424 663 3495; x_wconf 79' lang='lat' dir='ltr'>Magn.</span> <span class='ocrx_word' id='word_1_346' title='bbox 689 3426 762 3481; x_wconf 83' lang='lat' dir='ltr'>Man.</span> <span class='ocrx_word' id='word_1_347' title='bbox 783 3427 876 3481; x_wconf 83' lang='lat' dir='ltr'>Lumb.</span> <span class='ocrx_word' id='word_1_348' title='bbox 893 3427 977 3479; x_wconf 80' lang='lat' dir='ltr'>Sutfr.</span> <span class='ocrx_word' id='word_1_349' title='bbox 996 3428 1066 3480; x_wconf 84' lang='lat' dir='ltr'>Petr.</span> <span class='ocrx_word' id='word_1_350' title='bbox 1094 3427 1153 3483; x_wconf 83' lang='lat' dir='ltr'>cot.</span> <span class='ocrx_word' id='word_1_351' title='bbox 1172 3441 1198 3481; x_wconf 92' lang='lat' dir='ltr'>et</span> <span class='ocrx_word' id='word_1_352' title='bbox 1225 3439 1329 3483; x_wconf 74' lang='lat' dir='ltr'>nostrae</span> 
     </span>
     <span class='ocr_line' id='line_1_35' title="bbox 283 3511 803 3567; baseline 0.006 -4"><span class='ocrx_word' id='word_1_353' title='bbox 283 3524 342 3565; x_wconf 81' lang='lat' dir='ltr'>vett.</span> <span class='ocrx_word' id='word_1_354' title='bbox 362 3531 456 3565; x_wconf 70' lang='lat' dir='ltr'>omnen</span> <span class='ocrx_word' id='word_1_355' title='bbox 471 3523 532 3565; x_wconf 81' lang='lat' dir='ltr'>ante</span> <span class='ocrx_word' id='word_1_356' title='bbox 551 3511 707 3565; x_wconf 83' lang='lat' dir='ltr'>Gruterum.</span> <span class='ocrx_word' id='word_1_357' title='bbox 742 3513 803 3567; x_wconf 84' lang='lat' dir='ltr'>Mr.</span> 
     </span>
    </p>

    <p class='ocr_par' dir='ltr' id='par_1_9' title="bbox 281 3598 1329 3918">
     <span class='ocr_line' id='line_1_36' title="bbox 354 3598 1329 3673; baseline 0.006 -22"><span class='ocrx_word' id='word_1_358' title='bbox 354 3611 486 3669; x_wconf 80' lang='lat' dir='ltr'>premunt,</span> <span class='ocrx_word' id='word_1_359' title='bbox 506 3601 553 3672; x_wconf 81' lang='lat' dir='ltr'>qui</span> <span class='ocrx_word' id='word_1_360' title='bbox 572 3611 598 3652; x_wconf 84' lang='lat' dir='ltr'>te</span> <span class='ocrx_word' id='word_1_361' title='bbox 618 3600 732 3663; x_wconf 82' lang='lat' dir='ltr'>beatum,</span> <span class='ocrx_word' id='word_1_362' title='bbox 752 3603 799 3673; x_wconf 79' lang='lat' dir='ltr'>qui</span> <span class='ocrx_word' id='word_1_363' title='bbox 810 3605 953 3672; x_wconf 81' lang='lat' dir='ltr'>florentem</span> <span class='ocrx_word' id='word_1_364' title='bbox 961 3598 1056 3671; x_wconf 71' lang='lat' dir='ltr'>putei]</span> <span class='ocrx_word' id='word_1_365' title='bbox 1076 3602 1141 3669; x_wconf 87' lang='lat' dir='ltr'>„Sic</span> <span class='ocrx_word' id='word_1_366' title='bbox 1149 3603 1216 3658; x_wconf 83' lang='lat' dir='ltr'>Patt.</span> <span class='ocrx_word' id='word_1_367' title='bbox 1227 3623 1329 3668; x_wconf 80' lang='lat' dir='ltr'>omnes,</span> 
     </span>
     <span class='ocr_line' id='line_1_37' title="bbox 284 3688 1327 3760; baseline 0.005 -21"><span class='ocrx_word' id='word_1_368' title='bbox 284 3688 333 3739; x_wconf 81' lang='lat' dir='ltr'>nisi</span> <span class='ocrx_word' id='word_1_369' title='bbox 352 3688 425 3758; x_wconf 87' lang='lat' dir='ltr'>quod</span> <span class='ocrx_word' id='word_1_370' title='bbox 444 3688 576 3741; x_wconf 70' lang='lat' dir='ltr'>secundus</span> <span class='ocrx_word' id='word_1_371' title='bbox 594 3699 620 3739; x_wconf 84' lang='lat' dir='ltr'>te</span> <span class='ocrx_word' id='word_1_372' title='bbox 634 3689 753 3760; x_wconf 86' lang='lat' dir='ltr'>sortem,</span> <span class='ocrx_word' id='word_1_373' title='bbox 772 3690 820 3760; x_wconf 84' lang='lat' dir='ltr'>qui</span> <span class='ocrx_word' id='word_1_374' title='bbox 838 3701 864 3740; x_wconf 79' lang='lat' dir='ltr'>to</span> <span class='ocrx_word' id='word_1_375' title='bbox 875 3693 1032 3759; x_wconf 81' lang='lat' dir='ltr'>florentem:</span> <span class='ocrx_word' id='word_1_376' title='bbox 1058 3711 1112 3745; x_wconf 89' lang='lat' dir='ltr'>non</span> <span class='ocrx_word' id='word_1_377' title='bbox 1133 3693 1210 3746; x_wconf 76' lang='lat' dir='ltr'>maie.</span> <span class='ocrx_word' id='word_1_378' title='bbox 1246 3692 1327 3745; x_wconf 84' lang='lat' dir='ltr'>Editi:</span> 
     </span>
     <span class='ocr_line' id='line_1_38' title="bbox 281 3776 1329 3848; baseline 0.01 -27"><span class='ocrx_word' id='word_1_379' title='bbox 281 3784 405 3841; x_wconf 74' lang='lat' dir='ltr'>premunt</span> <span class='ocrx_word' id='word_1_380' title='bbox 424 3793 550 3838; x_wconf 74' lang='lat' dir='ltr'>omnes,</span> <span class='ocrx_word' id='word_1_381' title='bbox 568 3779 615 3845; x_wconf 84' lang='lat' dir='ltr'>qui</span> <span class='ocrx_word' id='word_1_382' title='bbox 633 3787 660 3826; x_wconf 83' lang='lat' dir='ltr'>te</span> <span class='ocrx_word' id='word_1_383' title='bbox 678 3776 785 3829; x_wconf 79' lang='lat' dir='ltr'>beatum</span> <span class='ocrx_word' id='word_1_384' title='bbox 804 3779 850 3848; x_wconf 83' lang='lat' dir='ltr'>qui</span> <span class='ocrx_word' id='word_1_385' title='bbox 869 3790 903 3828; x_wconf 85' lang='lat' dir='ltr'>te</span> <span class='ocrx_word' id='word_1_386' title='bbox 914 3780 1085 3846; x_wconf 83' lang='lat' dir='ltr'>florentem.“</span> <span class='ocrx_word' id='word_1_387' title='bbox 1104 3779 1203 3833; x_wconf 83' lang='lat' dir='ltr'>Grut.</span> <span class='ocrx_word' id='word_1_388' title='bbox 1240 3778 1329 3846; x_wconf 87' lang='lat' dir='ltr'>„Cum</span> 
     </span>
     <span class='ocr_line' id='line_1_39' title="bbox 283 3861 1070 3918; baseline 0.006 -5"><span class='ocrx_word' id='word_1_389' title='bbox 283 3861 349 3914; x_wconf 75' lang='lat' dir='ltr'>Pau.</span> <span class='ocrx_word' id='word_1_390' title='bbox 368 3863 446 3915; x_wconf 82' lang='lat' dir='ltr'>etiam</span> <span class='ocrx_word' id='word_1_391' title='bbox 465 3861 534 3916; x_wconf 87' lang='lat' dir='ltr'>Pith.</span> <span class='ocrx_word' id='word_1_392' title='bbox 552 3864 597 3915; x_wconf 87' lang='lat' dir='ltr'>sed</span> <span class='ocrx_word' id='word_1_393' title='bbox 617 3863 685 3916; x_wconf 85' lang='lat' dir='ltr'>Pitb.</span> <span class='ocrx_word' id='word_1_394' title='bbox 704 3883 792 3917; x_wconf 77' lang='lat' dir='ltr'>omnes</span> <span class='ocrx_word' id='word_1_395' title='bbox 809 3864 931 3918; x_wconf 86' lang='lat' dir='ltr'>retinet.“</span> <span class='ocrx_word' id='word_1_396' title='bbox 948 3864 1070 3918; x_wconf 74' lang='lat' dir='ltr'>Greev.</span> 
     </span>
    </p>

    <p class='ocr_par' dir='ltr' id='par_1_10' title="bbox 285 3949 1331 4285">
     <span class='ocr_line' id='line_1_40' title="bbox 355 3949 1330 4021; baseline 0.012 -22"><span class='ocrx_word' id='word_1_397' title='bbox 355 3950 403 4020; x_wconf 80' lang='lat' dir='ltr'>qui</span> <span class='ocrx_word' id='word_1_398' title='bbox 421 3960 448 4000; x_wconf 85' lang='lat' dir='ltr'>te</span> <span class='ocrx_word' id='word_1_399' title='bbox 467 3949 589 4015; x_wconf 81' lang='lat' dir='ltr'>beatum,</span> <span class='ocrx_word' id='word_1_400' title='bbox 607 3952 654 4021; x_wconf 80' lang='lat' dir='ltr'>qisi</span> <span class='ocrx_word' id='word_1_401' title='bbox 665 3954 807 4020; x_wconf 78' lang='lat' dir='ltr'>florentem</span> <span class='ocrx_word' id='word_1_402' title='bbox 821 3955 933 4021; x_wconf 78' lang='lat' dir='ltr'>putee.]</span> <span class='ocrx_word' id='word_1_403' title='bbox 954 3952 1025 4007; x_wconf 88' lang='lat' dir='ltr'>Gud.</span> <span class='ocrx_word' id='word_1_404' title='bbox 1044 3955 1077 4007; x_wconf 79' lang='lat' dir='ltr'>A.</span> <span class='ocrx_word' id='word_1_405' title='bbox 1095 3958 1153 4006; x_wconf 72' lang='lat' dir='ltr'>Cn.</span> <span class='ocrx_word' id='word_1_406' title='bbox 1174 3960 1198 4008; x_wconf 82' lang='lat'>2.</span> <span class='ocrx_word' id='word_1_407' title='bbox 1215 3955 1330 4011; x_wconf 82' lang='lat' dir='ltr'>Drsd.1.</span> 
     </span>
     <span class='ocr_line' id='line_1_41' title="bbox 285 4037 1331 4112; baseline 0.007 -23"><span class='ocrx_word' id='word_1_408' title='bbox 285 4050 311 4091; x_wconf 85' lang='lat' dir='ltr'>et</span> <span class='ocrx_word' id='word_1_409' title='bbox 330 4041 354 4091; x_wconf 81' lang='lat'>3.</span> <span class='ocrx_word' id='word_1_410' title='bbox 375 4039 421 4108; x_wconf 83' lang='lat' dir='ltr'>qui</span> <span class='ocrx_word' id='word_1_411' title='bbox 440 4037 578 4090; x_wconf 82' lang='lat' dir='ltr'>beatum</span> <span class='ocrx_word' id='word_1_412' title='bbox 604 4049 645 4092; x_wconf 85' lang='lat' dir='ltr'>te.</span> <span class='ocrx_word' id='word_1_413' title='bbox 691 4039 811 4111; x_wconf 79' lang='lat' dir='ltr'>Pergunt</span> <span class='ocrx_word' id='word_1_414' title='bbox 835 4041 933 4112; x_wconf 78' lang='lat' dir='ltr'>quite</span> <span class='ocrx_word' id='word_1_415' title='bbox 954 4043 1095 4109; x_wconf 82' lang='lat' dir='ltr'>florentem</span> <span class='ocrx_word' id='word_1_416' title='bbox 1119 4043 1177 4093; x_wconf 76' lang='lat' dir='ltr'>Cic.</span> <span class='ocrx_word' id='word_1_417' title='bbox 1196 4046 1220 4094; x_wconf 92' lang='grc'><strong>1.</strong></span> <span class='ocrx_word' id='word_1_418' title='bbox 1249 4042 1331 4097; x_wconf 81' lang='lat' dir='ltr'>Bern.</span> 
     </span>
     <span class='ocr_line' id='line_1_42' title="bbox 285 4126 1331 4198; baseline 0.006 -21"><span class='ocrx_word' id='word_1_419' title='bbox 285 4127 363 4179; x_wconf 76' lang='lat' dir='ltr'>Drsd.</span> <span class='ocrx_word' id='word_1_420' title='bbox 384 4131 409 4178; x_wconf 93' lang='grc'><strong>1.</strong></span> <span class='ocrx_word' id='word_1_421' title='bbox 429 4131 453 4181; x_wconf 77' lang='lat'>3.</span> <span class='ocrx_word' id='word_1_422' title='bbox 483 4126 542 4180; x_wconf 82' lang='lat' dir='ltr'>Bes.</span> <span class='ocrx_word' id='word_1_423' title='bbox 561 4126 628 4179; x_wconf 78' lang='lat' dir='ltr'>Eud.</span> <span class='ocrx_word' id='word_1_424' title='bbox 647 4138 707 4180; x_wconf 85' lang='lat' dir='ltr'>vett.</span> <span class='ocrx_word' id='word_1_425' title='bbox 724 4128 840 4191; x_wconf 83' lang='lat' dir='ltr'>muitee,</span> <span class='ocrx_word' id='word_1_426' title='bbox 867 4127 982 4198; x_wconf 81' lang='lat' dir='ltr'>exceptis</span> <span class='ocrx_word' id='word_1_427' title='bbox 1007 4127 1058 4185; x_wconf 83' lang='lat' dir='ltr'>Ed.</span> <span class='ocrx_word' id='word_1_428' title='bbox 1081 4147 1137 4198; x_wconf 81' lang='lat' dir='ltr'>prc</span> <span class='ocrx_word' id='word_1_429' title='bbox 1158 4134 1236 4185; x_wconf 88' lang='grc'><strong>1465.</strong></span> <span class='ocrx_word' id='word_1_430' title='bbox 1260 4131 1331 4183; x_wconf 89' lang='lat' dir='ltr'>Vict.</span> 
     </span>
     <span class='ocr_line' id='line_1_43' title="bbox 286 4214 1330 4285; baseline 0.001 -18"><span class='ocrx_word' id='word_1_431' title='bbox 286 4216 353 4270; x_wconf 81' lang='lat' dir='ltr'>Rob.</span> <span class='ocrx_word' id='word_1_432' title='bbox 374 4214 464 4285; x_wconf 78' lang='lat' dir='ltr'>steph.</span> <span class='ocrx_word' id='word_1_433' title='bbox 491 4214 554 4268; x_wconf 81' lang='lat' dir='ltr'>Par.</span> <span class='ocrx_word' id='word_1_434' title='bbox 578 4217 656 4267; x_wconf 89' lang='grc'><strong>1512.</strong></span> <span class='ocrx_word' id='word_1_435' title='bbox 683 4217 760 4270; x_wconf 80' lang='grc'><strong>1543.</strong></span> <span class='ocrx_word' id='word_1_436' title='bbox 788 4214 854 4285; x_wconf 73' lang='lat' dir='ltr'>Arg.</span> <span class='ocrx_word' id='word_1_437' title='bbox 873 4216 952 4270; x_wconf 85' lang='grc'><strong>1515.</strong></span> <span class='ocrx_word' id='word_1_438' title='bbox 978 4214 1056 4269; x_wconf 79' lang='grc'><strong>11615.</strong></span> <span class='ocrx_word' id='word_1_439' title='bbox 1081 4236 1100 4268; x_wconf 82' lang='lat' dir='ltr'>s.</span> <span class='ocrx_word' id='word_1_440' title='bbox 1121 4217 1137 4269; x_wconf 92' lang='grc' dir='ltr'><strong>Ι.</strong></span> <span class='ocrx_word' id='word_1_441' title='bbox 1160 4231 1186 4272; x_wconf 86' lang='lat' dir='ltr'>et</span> <span class='ocrx_word' id='word_1_442' title='bbox 1211 4239 1234 4271; x_wconf 81' lang='lat' dir='ltr'>a.</span> <span class='ocrx_word' id='word_1_443' title='bbox 1258 4216 1330 4269; x_wconf 86' lang='lat' dir='ltr'>Med.</span> 
     </span>
    </p>
   </div>
   <div class='ocr_carea' id='block_1_6' title="bbox 0 0 1534 4925">
    <p class='ocr_par' dir='ltr' id='par_1_11' title="bbox 0 0 1534 4925">
     <span class='ocr_line' id='line_1_44' title="bbox 0 0 1534 4925; baseline 0 0"><span class='ocrx_word' id='word_1_444' title='bbox 0 0 1534 4925; x_wconf 95' lang='lat' dir='ltr'> </span> 
     </span>
    </p>
   </div>
  </div>
 </body>
</html>
