3059 4925
291 442 364 517 322
619 465 792 517 1111111111
819 465 1012 517 1101111111.

294 626 367 681 hibet
384 625 506 679 nullom
527 643 602 681 rem.
647 626 701 679 Pro
726 625 796 677 nihil
819 626 915 679 estoit
941 625 969 678 io
993 624 1077 679 Drsd.
1094 627 1138 691 &3
1165 627 1192 680 in
1217 628 1346 686 Dred..2.

292 714 343 767 sibi
367 715 462 767 senti
471 724 535 766 unt
561 714 690 767 deesse.
735 712 823 766 Verba
849 712 919 764 niti!
937 741 972 754 -
990 714 1111 765 sentiunt
1135 713 1289 769 exciderunt
1317 718 1346 770 iu

293 799 344 855 Or.
361 801 381 854 Ι.
419 801 449 855 lo
471 799 529 854 Cre.
548 803 574 856 3.
592 811 631 854 est
649 800 737 851 deeese
755 799 934 862 censium,
951 809 1009 852 tum
1029 800 1135 870 punctis
1152 801 1308 874 subscriptis
1320 805 1344 856 ei

295 887 352 941 voci
372 887 492 942 additum
509 889 640 942 sentiunt.
676 886 768 956 Pergit
784 884 865 939 Drsd.
884 888 911 940 4.
935 886 992 937 vel
1016 887 1174 958 requirunt,
1200 891 1273 961 quod
1297 910 1346 943 or·

295 986 352 1029 tum
370 985 409 1029 est
427 994 456 1028 ex
475 975 528 1027 nil
545 976 694 1046 requirunt.
728 973 794 1028 Post
817 972 871 1027 hoe
891 972 1001 1026 verbum
1021 972 1089 1026 Cod.
1104 972 1155 1029 01.
1172 975 1203 1030 E.
1228 977 1345 1029 additam

258 1043 263 1054 s
295 1062 375 1117 hebet
392 1062 506 1133 glossam
525 1062 650 1130 emplius.
669 1090 703 1100 -
722 1061 763 1113 Ad
784 1082 807 1115 r.
824 1062 902 1113 Satis
918 1078 975 1113 esse
991 1069 1109 1129 putant,
1129 1049 1203 1134 quod
1218 1074 1260 1116 est
1277 1082 1347 1117 oon-

297 1148 362 1203 ferri
380 1149 454 1203 iubet
469 1148 571 1203 Geruh.
589 1148 646 1205 Cic.
663 1148 722 1203 Cat.
740 1149 780 1202 Μ.
799 1152 825 1215 9,
843 1154 886 1203 21.
905 1148 950 1202 ubi
968 1158 1020 1201 est:
1037 1149 1116 1218 Quod
1132 1159 1190 1216 eet,
1217 1169 1248 1204 eo
1272 1152 1346 1203 deret

204 1266 207 1272 ·
298 1237 349 1294 uti.
385 1236 447 1300 Mt.

368 1339 485 1410 Improbi
502 1351 593 1393 autem
611 1350 638 1393 et
663 1343 769 1409 ovori‚]
806 1340 916 1412 Legitur
937 1339 1048 1409 improbi
1073 1340 1164 1391 homi
1172 1358 1231 1392 nes
1256 1351 1348 1392 autem

299 1429 327 1481 io
346 1426 432 1482 Codd.
450 1428 530 1482 Drsd.
549 1432 575 1482 1.
594 1439 620 1483 et
638 1431 663 1484 3.
699 1430 803 1483 Vocem
822 1438 913 1479 autem
932 1426 1059 1479 omittunt
1077 1424 1192 1479 GudA.
1211 1437 1237 1481 et
1255 1426 1347 1488 Orus.

300 1514 434 1570 scribitur
452 1526 491 1568 ut
509 1517 588 1569 orori
605 1517 634 1569 io
654 1515 721 1570 Cod.
734 1515 826 1581 Suer„
845 1516 898 1567 vel
916 1514 996 1565 orori
1013 1513 1049 1565 in·
1060 1512 1140 1565 Drsd.
1151 1517 1177 1566 4.
1197 1513 1264 1566 Cod.
1276 1514 1346 1567 Pith.

299 1603 412 1673 improbi
430 1622 516 1658 vero.
553 1602 613 1656 Mr.

372 1690 499 1761 quonium
516 1691 635 1743 incertus
651 1700 737 1761 etque
754 1691 784 1741 in
804 1706 870 1740 casu
896 1690 1003 1758 positos
1026 1689 1205 1758 possessiones
1227 1688 1346 1756 debent]

301 1778 358 1841 „Et
376 1778 477 1828 casui
494 1795 558 1846 sup
562 1777 668 1846 positos
679 1795 794 1847 possess.
812 1774 920 1840 tabent,
940 1780 1036 1830 unus.“
1056 1776 1127 1830 Atd.
1147 1776 1232 1829 Man.
1268 1776 1347 1843 „Gu-

299 1862 391 1915 tietmti
408 1862 498 1916 Maur.
515 1863 544 1915 in
561 1883 625 1915 usu
644 1864 762 1933 positos,
782 1862 855 1934 quod
873 1863 898 1914 ei
917 1882 971 1915 non
982 1862 1122 1934 displicet:
1154 1864 1232 1935 quia,
1249 1864 1347 1934 inquit,

301 1960 428 2016 utuntur,
454 1968 522 2020 opus
541 1950 640 2004 habent
667 1950 802 2022 quaesito,
827 1961 857 2003 ut
876 1961 998 2022 sumptus
1015 1949 1176 2003 reficiatur-‚⁴¹
1210 1949 1346 2004 Gruter.

301 2035 374 2103 „Atii
392 2056 448 2089 non
466 2037 523 2089 sine
541 2038 643 2090 ratione
662 2038 790 2091 omittunt
805 2037 997 2105 possessiones,
1025 2048 1052 2090 et
1069 2037 1225 2091 adiectirum
1242 2037 1347 2107 positos

301 2121 423 2175 reierunt
440 2122 473 2174 ad
490 2140 532 2174 res
550 2123 651 2194 periodi
670 2123 844 2194 superioris.“
862 2122 958 2177 Face.
1004 2124 1131 2196 „vulgati
1150 2125 1276 2178 omittunt
1299 2144 1347 2175 ro·

302 2228 360 2263 cem
378 2210 568 2277 possessiones,
587 2231 668 2282 quam
687 2231 750 2265 cum
768 2212 889 2265 Victorio
908 2223 934 2265 et
952 2211 1074 2265 Manutio
1092 2224 1195 2265 serrant
1212 2213 1278 2282 regii
1298 2231 1347 2265 oo-

301 2295 400 2350 dices.“
418 2295 554 2351 Laidem.
601 2298 678 2366 Qu'os
709 2298 828 2371 vulgales
853 2299 916 2353 dicit
939 2298 1140 2363 bethmannus,
1170 2300 1188 2351 ii
1219 2309 1280 2351 suut
1297 2297 1347 2350 Ed.

301 2382 474 2437 Lambiniaoa
493 2388 570 2439 1584.
588 2386 657 2455 (oon
675 2387 799 2440 Lambini
823 2387 897 2454 rere)
915 2398 1020 2441 nostroe
1037 2368 1150 2442 Lembi.
1170 2389 1248 2440 158⁰.
1267 2388 1346 2448 1581.

301 2473 381 2528 Goth.
400 2471 479 2528 Grut.
498 2472 593 2527 Graev.
611 2474 699 2531 Gron.
722 2476 804 2529 Verb.
826 2475 950 2541 subter„
977 2475 1075 2548 quibus
1098 2474 1231 2528 accedunt
1249 2472 1345 2526 Olivet.

300 2559 367 2614 Ero.
384 2561 471 2615 Wetz.
490 2560 595 2616 Schiitz.
613 2562 695 2635 Borg.
732 2563 765 2618 Et
784 2564 827 2617 hio
845 2563 953 2635 quidem
972 2562 1092 2634 (Borg.)·
1105 2560 1176 2614 ittius
1198 2561 1347 2615 omissionis

301 2648 432 2700 rationem
453 2648 540 2702 reddit
557 2650 676 2717 nuliam,
702 2651 752 2702 nisi
774 2651 846 2723 quod
867 2670 894 2704 se
919 2670 981 2705 cum
1002 2651 1115 2705 Ernesto
1135 2649 1347 2705 1101111181ὴῆ-

302 2734 353 2787 teio
371 2734 460 2787 facere
476 2735 529 2802 eit,
549 2747 575 2789 et
592 2735 662 2791 hauc
680 2739 824 2791 verborum
842 2739 960 2790 incertos
977 2748 1004 2789 et
1022 2739 1052 2789 in
1070 2757 1134 2791 casu
1152 2740 1257 2809 positos
1278 2750 1347 2790 'sen-

300 2822 410 2875 tentiam
429 2838 483 2874 esse
504 2821 578 2877 dicit:
605 2823 750 2892 „Quorum
769 2826 893 2880 fortunae
912 2824 951 2878 rel
970 2844 1035 2896 opes
1052 2845 1108 2879 noo
1127 2827 1266 2893 iuodotee,
1290 2843 1346 2877 non

302 2909 401 2980 optime
420 2919 481 2962 sunt
499 2910 695 2965 constitutae⁴‘:
714 2913 776 2967 coli.
794 2933 844 2985 pro
862 2912 928 2967 Reb.
947 2912 1019 2966 Post.
1034 2916 1059 2965 1.
1078 2912 1222 2980 [Nimirum
1240 2912 1277 2965 ibi
1296 2924 1347 2965 est:

302 2996 374 3068 quod
390 3014 457 3048 suae
469 2996 605 3068 fortunae
626 3000 769 3070 fundatos
792 3004 953 3071 praesertim
973 3000 1063 3073 'atque
1091 3003 1187 3070 optime
1215 3002 1348 3053 constitu-

303 3093 348 3135 tos
366 3101 428 3152 opes
449 3085 582 3152 potestati
607 3087 698 3157 regiae
724 3088 898 3139 commiserite
928 3086 1001 3158 quod
1028 3087 1093 3140 nihil
1117 3088 1150 3140 ed
1178 3106 1235 3140 rem
1262 3086 1347 3153 facit]

303 3168 479 3225 Gernherdus
497 3181 586 3225 autem
605 3184 677 3226 recte
696 3184 801 3228 monet:
830 3173 919 3239 „Cum
936 3175 1003 3228 alius
1020 3184 1167 3228 structurae
1185 3173 1349 3228 enuntiatio·

302 3276 350 3309 nes
367 3256 520 3312 interiectae
537 3259 602 3325 sint,
630 3261 720 3315 nulius
746 3262 871 3334 equidem
899 3262 980 3316 credo
1005 3260 1164 3316 Ciceronem
1188 3280 1280 3315 rocem
1305 3278 1348 3311 res

302 3342 485 3398 intellexisse.“
526 3344 561 3399 Et
587 3358 697 3401 tuentur
730 3370 823 3404 vocem
848 3352 1027 3420 possessiones
1053 3348 1138 3416 Edd,
1166 3360 1271 3420 praeter
1290 3348 1348 3411 ees,

303 3449 369 3502 quos
387 3431 614 3499 enumeravimus,
634 3453 742 3503 omnes,
760 3438 894 3509 itemque,
921 3456 983 3491 cum
1002 3437 1105 3490 Aldinis
1131 3447 1158 3490 et
1182 3434 1347 3488 Laiiemanni

302 3518 394 3588 regiis,
412 3517 508 3570 Oreliii
524 3518 604 3573 Bern.
621 3522 680 3577 Bas.
697 3524 788 3579 Gueis.
807 3545 869 3580 cum
888 3525 954 3580 011.
973 3525 1099 3578 omnibus
1116 3523 1188 3577 Gud.
1206 3522 1238 3575 B.
1255 3523 1297 3591 (iu
1312 3520 1346 3573 Α.

302 3617 340 3659 est
357 3606 458 3658 hebent
472 3607 577 3676 positos
595 3627 661 3662 eoru
675 3597 827 3682 possident)
853 3600 946 3666 Duisb.
965 3610 1025 3665 Cre.
1040 3617 1065 3664 ².
1085 3614 1110 3665 8.
1139 3609 1216 3661 Drsd.
1234 3610 1258 3660 1.
1277 3612 1302 3661 2.
1319 3610 1346 3660 3.

301 3696 327 3745 4.
348 3696 374 3745 d.
389 3721 424 3733 -
459 3693 514 3747 Pro
533 3705 616 3768 atque
632 3709 671 3751 est
688 3710 716 3750 et
733 3700 761 3752 in
781 3699 866 3754 Codd.
886 3699 937 3754 Or.
956 3700 990 3753 U.
1008 3698 1076 3752 Pith.
1102 3697 1161 3750 Cre·
1180 3703 1205 3750 2.
1228 3695 1308 3749 Drsd.
1320 3697 1347 3748 3.

301 3778 331 3830 In
353 3779 410 3832 Cre.
430 3785 454 3832 2.
473 3791 500 3833 et
517 3781 595 3835 Drsd.
614 3788 639 3838 5.
659 3786 855 3848 omittiturin3
887 3785 957 3843 cod.
975 3786 1025 3841 01.
1044 3787 1064 3839 1.
1089 3786 1168 3839 babet
1194 3803 1278 3855 rupta
1296 3800 1347 3854 pro

301 3867 329 3915 in
348 3881 431 3924 carui
451 3867 509 3919 cre.
527 3871 552 3922 3.
571 3872 669 3925 omittit
686 3873 794 3928 tabens.
830 3875 890 3927 Mr.

370 3959 399 4001 et
414 3951 478 4019 plus
496 3971 595 4024 semper
613 3965 776 4031 oppetunt‚]
814 3964 844 4016 111
862 3964 930 4018 cod.
949 3961 1030 4015 Drsd.
1046 3965 1072 4015 5.
1098 3976 1199 4029 semper
1217 3958 1257 4011 bis
1280 3960 1348 4011 scri·

302 4044 378 4104 ptum
397 4048 444 4091 est.
478 4038 588 4111 Legitur
605 4044 633 4096 in
653 4045 734 4102 Dred.
751 4054 778 4103 4.
796 4050 851 4103 vet
864 4051 929 4118 plue
947 4067 1058 4119 semper.
1095 4046 1169 4100 {dem
1188 4045 1267 4098 babet
1285 4062 1348 4097 cuns

301 4120 377 4176 Suer.
396 4142 444 4176 nec
461 4127 648 4199 quisquam
662 4150 792 4201 eorum,
821 4136 901 4188 Drsd.
919 4140 944 4190 5.
969 4154 1016 4188 nec
1042 4154 1132 4187 eorum
1159 4134 1286 4184 inventus
1303 4142 1347 4183 eet

301 4207 391 4262 adhue
406 4213 556 4286 quisquam.
600 4215 679 4270 Drsd.
696 4224 722 4274 4.
751 4234 778 4277 et
795 4227 821 4277 ⁵.
846 4225 917 4276 satie
933 4235 1011 4277 esset.
1051 4224 1112 4276 Mox
1132 4219 1211 4272 Drsd.
1231 4221 1257 4271 1.
1277 4227 1304 4270 et
1322 4219 1349 4270 3.
