3059 4925
301 440 376 516 364
542 519 543 523 ,
705 463 869 513 uxamam
893 466 941 512 ιι.

303 642 367 696 cyra
388 621 408 689 i,
430 626 456 689 1,
476 626 512 677 tu
539 622 571 676 ad
597 627 641 679 ib.
666 623 709 677 cui
734 622 812 695 plura
839 634 939 677 exstant
966 622 1075 687 cubitia,
1108 635 1135 676 et
1159 626 1302 696 praecipue
1321 626 1352 679 ΙΙ.

307 711 458 765 Pbii.1ii.“
494 710 582 763 Locus
600 729 624 765 c.
644 714 687 767 13.
707 723 757 765 eat:
783 722 842 764 tour
859 713 981 781 infirmo,
999 722 1055 763 tom
1071 723 1198 763 enervato
1215 732 1259 765 reo
1278 712 1307 781 [i.
1329 733 1351 765 e.
1407 705 1410 714 ¹

302 818 364 853 cum
384 818 444 852 reue
462 809 516 853 tam
535 798 659 852 infirmua
675 799 724 850 rit
743 800 830 865 reua]:
856 800 904 870 'qur'
929 808 963 850 te
984 799 1027 849 ito
1049 799 1222 868 grueria,
1250 810 1285 856 ut
1309 800 1352 849 ri-

299 891 420 952 mrr'ea,
438 905 471 938 ne
490 915 523 926 -
544 886 732 944 videreris,
749 887 804 939 niar'
822 913 857 926 —
875 886 1103 946 curtr'tiraea,⁸
1123 885 1190 938 aiter
1204 888 1285 939 cssz
1304 888 1352 939 An

300 985 338 1025 tu
358 1001 392 1012 -
409 982 521 1042 putor
539 1001 573 1012 -
593 1000 628 1013 -
647 1002 681 1013 -
700 974 748 1045 qui
765 992 800 1025 ae
817 974 874 1042 ipae
892 961 1117 1025 condemnet?

369 1059 463 1112 Unum
480 1060 565 1127 addo,
583 1060 617 1113 de
635 1080 689 1133 quo
708 1060 814 1116 iocutua
831 1079 889 1113 aum
910 1060 944 1114 ad
962 1061 1059 1114 Tuacc.
1075 1059 1108 1127 ii,
1128 1063 1171 1127 12,
1190 1064 1234 1115 29.
1255 1082 1281 1133 p.
1288 1065 1353 1116 492.

300 1147 346 1201 Eu
364 1147 416 1199 ibix
434 1147 509 1215 Quid
517 1166 557 1198 me
575 1148 724 1217 decipia,
741 1148 834 1201 bno?
846 1175 880 1188 -·
900 1167 982 1220 quum
997 1148 1098 1199 molum
1115 1165 1225 1219 negor
1242 1167 1353 1201 eaae-.

302 1235 380 1285 Nilu'l
398 1243 456 1298 ert,
472 1236 608 1306 inquit,
628 1235 744 1300 maium,
763 1236 816 1287 nisi
834 1235 908 1307 quod
924 1246 1053 1306 turpe-
1070 1244 1120 1288 eat.
1166 1235 1215 1287 Aa
1231 1235 1350 1303 ineptias

300 1323 404 1377 tedia.
448 1322 533 1376 Erant
550 1342 582 1375 eo
601 1322 662 1375 ioco
687 1322 735 1393 qui
753 1322 833 1375 scribi
851 1322 948 1377 velient
964 1323 1064 1393 inquis.
1106 1320 1159 1373 Sed
1186 1322 1279 1373 monui
1305 1321 1351 1387 ibi,

266 1401 277 1414 ’
300 1409 373 1482 qnod
390 1409 520 1463 aimiiibua
538 1410 604 1463 locis
628 1410 681 1462 iam
700 1430 780 1481 caepe
798 1411 900 1463 sactum
919 1410 1007 1463 catab
1026 1409 1098 1472 aliie,
1124 1409 1281 1481 ubicunque
1300 1428 1352 1479 pro

300 1499 392 1570 inquit
410 1508 542 1568 exspectes
559 1498 665 1569 r'nquia,
695 1496 855 1552 Ciceronem
881 1498 1036 1569 loquentem
1060 1516 1115 1549 non
1138 1496 1238 1568 alloqui
1257 1495 1354 1548 adrer-

300 1585 398 1637 aarium
416 1584 518 1655 ipsum,
536 1585 587 1638 sed'
600 1584 678 1653 (dixi)
696 1585 729 1639 ad
749 1585 893 1639 unumve!
912 1586 945 1639 ad
965 1584 1055 1656 piures
1079 1585 1213 1638 auditores
1237 1602 1354 1637 conver-

299 1689 360 1736 sus,
388 1671 454 1743 quid
474 1672 633 1742 respondeat
658 1672 702 1726 iiie
720 1673 760 1726 rei
787 1674 949 1744 respondere
974 1673 1067 1744 possit,
1096 1670 1236 1742 significat.
1283 1670 1355 1723 Add.

300 1759 358 1812 Cic.
383 1757 416 1810 de
440 1758 474 1811 N.
491 1759 525 1812 D.
544 1759 628 1825 tto,
647 1764 708 1813 ibi).
731 1780 756 1830 p.
776 1764 813 1815 64
829 1781 868 1832 aq.
894 1760 934 1813 ed.
959 1772 1041 1813 nostr.
1063 1760 1127 1812 min.
1153 1758 1219 1830 ἰδίᾳ.
1243 1770 1354 1821 annot.;

299 1846 386 1900 Beier.
405 1847 438 1899 ad
458 1843 515 1900 Cic.
526 1845 614 1901 Oratt.
633 1848 770 1918 Fragmm.
790 1868 816 1918 p.
830 1850 883 1900 111
901 1868 941 1918 sq.
976 1847 1073 1900 Nostro
1092 1857 1179 1899 autem
1198 1846 1355 1898 Paradoxo-

299 1951 361 1984 rum
380 1933 442 1986 loco
461 1933 536 1986 recte¹
550 1936 656 1988 monuit
674 1935 815 1988 Erneatua:
842 1934 890 1987 Eat
907 1934 950 1987 bic
971 1931 1149 1992 α’νακόλουθος
1167 1935 1268 1986 oratio:
1287 1952 1350 1987 nam

299 2020 435 2091 pertinent
452 2020 517 2074 baec
535 2022 567 2074 ad
587 2019 712 2075 Crassum
738 2033 764 2075 et
787 2022 820 2073 ad
845 2021 965 2075 initium:
993 2023 1041 2093 qui
1062 2021 1135 2073 videt
1163 2021 1233 2073 domi
1257 2033 1351 2074 tuae.

299 2107 392 2180 ltaque
411 2108 524 2161 debebat
541 2128 609 2161 esser
629 2109 690 2180 quia
708 2118 741 2159 te
759 2127 812 2160 rum
828 2118 908 2177 putet
926 2105 1061 2177 confiteri,
1080 2108 1149 2160 tibi
1163 2112 1234 2161 etc.“
1270 2107 1353 2159 Vides

300 2194 379 2247 etiam
397 2214 428 2247 ex
447 2195 517 2248 varia
535 2196 649 2249 lectione
664 2194 772 2249 Codicis
788 2195 839 2249 Ox.
856 2196 890 2261 1.,
910 2199 958 2248 boc
976 2206 1004 2248 te
1027 2215 1077 2268 pro
1096 2197 1181 2253 bunc,
1198 2196 1278 2249 fuisse
1295 2196 1349 2248 iam

301 2292 414 2335 veterem
432 2282 550 2354 aliquem
568 2294 762 2349 correctorem,
783 2303 864 2354 quem
882 2283 1033 2337 offenderet
1052 2282 1116 2336 iliud
1134 2284 1220 2347 hunc,
1246 2285 1350 2354 quique

301 2389 435 2437 errorem,
456 2389 536 2441 quem
554 2369 655 2423 librarii
673 2390 728 2424 care
746 2371 883 2436 crederet,
902 2371 1092 2443 corrigendum
1111 2390 1166 2423 esee
1185 2370 1351 2423 existimaret.

300 2457 426 2511 Ceterum
445 2456 510 2511 nibii
528 2457 581 2513 buc
600 2459 677 2527 iacit,
699 2459 772 2532 quod
792 2471 837 2514 eat
849 2459 877 2513 in
890 2457 940 2512 Or.
953 2458 986 2512 N.
1004 2458 1077 2511 bunc
1094 2477 1172 2510 vere
1190 2477 1242 2510 non
1261 2478 1350 2530 neque

301 2546 373 2618 quod
392 2557 430 2600 eat
447 2546 474 2598 in
493 2546 572 2599 Dred.
589 2551 621 2600 4:
640 2549 772 2619 quianon
789 2556 869 2616 putet
885 2547 958 2598 bunc
976 2546 1126 2606 conscium
1145 2546 1173 2597 in
1192 2543 1280 2606 Onu.
1298 2545 1350 2597 areb

301 2653 351 2705 pro
369 2632 431 2697 ribi,
449 2634 477 2686 in
496 2633 546 2686 Ox.
564 2633 600 2686 U.
623 2633 651 2686 in
678 2653 733 2703 quo
757 2643 870 2703 propter
897 2631 1097 2685 similitudinem
1116 2632 1258 2685 verborum
1278 2630 1351 2685 exci-

300 2722 399 2774 derunt
415 2721 494 2772 rerba
511 2719 588 2771 erae?
605 2721 650 2772 cui
666 2730 758 2770 nutem
777 2720 902 2791 quaesito
917 2737 1000 2788 opus,
1027 2720 1056 2771 in
1080 2719 1159 2771 Drad.
1177 2722 1203 2772 3.
1229 2718 1348 2789 quinon

302 2809 382 2862 babet
404 2808 497 2861 rerba:
526 2807 571 2860 rui
598 2818 690 2859 autem
715 2807 840 2879 quaerito
864 2825 931 2875 opus
957 2808 1008 2869 sit,
1038 2804 1132 2859 eodem
1157 2815 1256 2858 errore.
1303 2804 1350 2857 Est

301 2899 381 2953 etiam
398 2907 547 2965 conputet
563 2897 635 2948 bunc
652 2897 681 2949 in
701 2894 769 2949 Cod.
789 2894 862 2949 Gud.
881 2894 911 2946 Β.
931 2895 1085 2966 ibidemque
1104 2895 1250 2957 conscium,
1275 2903 1304 2946 ut
1320 2893 1351 2945 in

301 2984 380 3038 Drad.
397 2987 432 3038 4.'
459 2983 490 3036 in
509 2982 613 3037 Aldinia
632 3003 741 3056 quoque
759 2982 847 3037 Codd.
866 2993 905 3037 eat
922 2981 1022 3053 aliquid
1042 2979 1276 3053 varietatir,‚unde
1293 2980 1351 3032 ior·

301 3085 368 3125 taaae
386 3069 435 3123 Tb.
453 3070 588 3123 Bentleiua
606 3088 682 3123 suam
704 3072 778 3142 petiit
797 3071 994 3124 coniecturam:
1012 3069 1067 3122 duo
1086 3069 1157 3122 enim
1176 3069 1248 3120 hunc
1267 3067 1348 3120 omit-

301 3169 361 3212 tunt
377 3158 419 3227 (in
438 3176 553 3229 quorum
573 3176 629 3210 uno
645 3157 765 3211 additum
786 3159 849 3226 eat):
871 3158 926 3211 duo
944 3158 1018 3224 item,
1036 3158 1168 3210 incertum
1183 3166 1271 3208 autem
1285 3175 1352 3208 num

300 3246 397 3311 iidem,
415 3244 542 3298 omittunt
555 3245 616 3299 eibi.
659 3244 717 3316 Ego
744 3246 773 3298 in
797 3245 837 3298 bia
863 3265 972 3317 quoque
999 3244 1063 3297 nihii
1089 3245 1138 3296 nisi
1157 3263 1267 3295 manum
1288 3262 1352 3296 cor·

301 3331 413 3386 rectoria
429 3350 555 3402 agnosco.
591 3331 653 3385 Non
672 3333 774 3386 abitio
793 3333 922 3386 diversam
940 3352 955 3385 a
976 3343 1064 3385 nostra
1083 3331 1239 3384 sententiam
1258 3329 1351 3383 Geru-

300 3419 412 3484 bardua,
436 3417 503 3472 baec
520 3420 651 3473 scribens:
677 3420 740 3487 „Ab
765 3422 845 3473 unius
864 3421 1025 3492 cogitatione
1043 3431 1069 3472 et
1087 3419 1230 3473 sceleribus
1247 3418 1352 3471 deflexit

301 3506 387 3560 oratio
405 3505 438 3558 ad
457 3516 543 3559 totum
561 3507 775 3561 facinorosorum
794 3508 934 3562 bominum
952 3527 1052 3579 genua,
1079 3506 1107 3559 id
1126 3506 1198 3577 quod
1217 3504 1353 3577 quodam-

302 3592 383 3645 nrodo
400 3590 569 3647 indicabatur
586 3594 672 3647 verbis
689 3596 799 3647 Sullani
814 3596 954 3665 temporie,
979 3594 1135 3666 quibus'rix
1160 3612 1228 3663 opus
1251 3591 1352 3656 suisset,

303 3681 323 3731 si
342 3697 411 3733 unua
429 3677 539 3734 Craaaus
556 3684 722 3737 notaretuc.“

723 3887 931 3903 —p—”n-
