3059 4925
633 461 837 509 rnouemuu.
1234 436 1258 506 9

214 637 260 670 rus
277 618 438 690 scripsisset:
465 613 540 681 „Pat
563 633 603 685 pr.
628 628 654 672 et
676 617 858 672 Mauricianus
875 638 928 671 ηοη
945 628 1053 670 recte:
1080 618 1149 670 forte
1168 636 1259 670 verum

213 715 289 774 putat
302 703 462 758 Gulielmius
479 723 517 757 ηε
536 704 635 772 reore“)
654 705 710 757 irno
728 724 757 758 er
776 725 870 759 eorum
888 706 1020 775 scripture
1038 705 1130 759 debuit
1145 705 1260 776 exsculpi

215 809 284 860 quoe
308 810 361 843 ηοη
386 796 507 844 certe.“
543 790 601 844 lmo
625 810 688 845 reto
712 804 838 846 neutrum
863 793 1043 865 probandum.
1079 793 1160 847 Recte
1184 793 1260 847 editi:

213 889 285 931 recte
306 879 370 932 item
389 876 492 933 Gernh.
517 896 582 930 sone
604 891 665 951 post
686 881 834 951 negativam
853 880 1010 952 particulam
1028 881 1110 933 levius
1127 880 1262 934 affirmare

214 964 360 1030 contendit,
378 966 489 1019 laudans
507 965 540 1019 de
558 967 638 1021 Finn.
656 973 682 1034 2,
697 971 740 1022 li.
753 980 896 1038 ertu-post
914 970 982 1020 enim
1003 969 1179 1037 Chrysippum
1197 987 1262 1021 ηοη

213 1069 298 1103 sone
315 1059 357 1105 ert
376 1053 554 1122 disputatum,
573 1073 642 1125 quse
660 1067 699 1109 est
716 1057 865 1109 observatio
879 1054 1019 1110 Goerenzii
1037 1055 1071 1108 sd
1085 1074 1147 1108 eum
1161 1055 1261 1121 locum,

214 1159 277 1193 cum
295 1133 351 1211 quo
370 1142 476 1194 corriert
493 1139 550 1195 Cic.
570 1143 604 1195 de
621 1143 681 1197 Dir.
700 1144 732 1209 ll,
752 1147 795 1211 st,
815 1148 864 1198 tt:
891 1163 947 1196 non
967 1162 1050 1196 sane
1075 1143 1195 1195 mirabile
1212 1143 1262 1194 Iroc

216 1229 328 1299 parilem,
346 1228 381 1282 <ie
398 1227 448 1282 Or.
468 1229 510 1294 ΙΙΙ,
524 1234 568 1294 55,
583 1233 649 1285 212:
666 1231 736 1283 nihil
754 1250 828 1296 soor,
846 1231 879 1285 ad
898 1231 1002 1286 Fatum.
1011 1230 1044 1296 ΙΙ,
1059 1233 1108 1283 ll:
1127 1248 1262 1301 rrurqoom

214 1331 286 1368 enne.
322 1315 405 1370 Addit
422 1317 510 1388 Wytt.
528 1318 556 1370 in
575 1317 680 1372 Scholis
702 1319 793 1373 locum
812 1321 930 1373 Varron.
947 1320 980 1373 de
1002 1320 1041 1373 lle
1059 1318 1133 1371 Rust.
1150 1320 1205 1384 lll,·
1217 1320 1260 1370 16.

214 1403 272 1471 [list
288 1402 327 1455 ihi
347 1422 373 1473 p.
392 1407 452 1459 238.
470 1405 512 1458 ed.
528 1405 603 1478 Bip.-
626 1408 744 1479 Agellus
767 1427 834 1460 ηοη
857 1426 943 1460 sone
966 1409 1052 1459 maior
1067 1407 1160 1477 iugero
1178 1406 1261 1472 ηηοε]

213 1500 241 1543 et
257 1489 382 1561 explicet:
404 1509 472 1554 „uon
486 1511 551 1545 sune
567 1492 685 1565 elliptioe
701 1494 904 1568 accipiendum,
923 1506 953 1548 ut
970 1494 1044 1565 quasi
1062 1492 1181 1547 dicatur:
1197 1510 1262 1563 pro·

213 1577 293 1629 batur
311 1576 420 1648 quidem
435 1577 528 1634 Stoica
546 1592 626 1648 secta,
644 1583 689 1635 sed
708 1594 798 1637 tamen
817 1591 873 1636 non'
891 1584 921 1634 in
937 1583 1036 1653 vulgus
1055 1581 1191 1652 probatur.
1227 1583 1263 1632 Ιη

212 1665 315 1735 volgus
337 1676 426 1720 autem
451 1676 490 1720 est
513 1686 563 1739 pro
582 1670 658 1738 uperi
674 1671 782 1741 vulgos.
818 1669 865 1722 Sic
881 1668 937 1722 Cic„
956 1668 1037 1721 Tuse.
1054 1668 1089 1733 ΙΙ,
1108 1671 1156 1721 tt:
1183 1677 1216 1718 ut
1233 1667 1263 1717 in

214 1753 515 1824 vulgortnsr‘pr’ensr'um
537 1756 625 1825 opinio
643 1756 736 1809 ouieot
755 1756 923 1813 honestatis,
947 1756 982 1820 V,
1000 1757 1049 1808 36:
1074 1754 1133 1805 vido
1149 1772 1183 1804 ns
1197 1753 1262 1821 plus

214 1842 405 1895 commendatio
420 1843 449 1893 r'rs
469 1842 567 1913 vulgus
585 1871 620 1883 -
639 1844 778 1896 molestiae
799 1842 899 1894 habeat
908 1862 918 1903 ,·
951 1841 984 1895 nd
1002 1840 1056 1894 Au.
1074 1839 1107 1905 ΙΙ,
1126 1844 1174 1892 22³
1202 1842 1263 1890 Hoc

215 1956 249 1967 -
263 1929 293 1981 irr
310 1930 411 2000 vulgus
426 1940 539 1999 gratum
556 1948 613 1983 esse
628 1931 782 1983 tsnrimmt‘
818 1928 901 2002 Borg.
920 1929 993 1995 dicit,
1012 1946 1074 1983 curn
1091 1927 1157 1981 haec
1174 1946 1263 1997 oppo-

214 2026 316 2068 nentur
333 2016 554 2071 antecedentibus
570 2037 623 2071 ηοη
640 2020 755 2070 multum
770 2019 923 2088 discrepant
941 2017 976 2069 alr
993 2017 1113 2087 opinione
1128 2015 1263 2085 populari,

213 2101 297 2155 malle
318 2121 347 2156 se
369 2102 459 2174 legere
477 2123 531 2157 ηοη
551 2106 670 2175 plone,
691 2126 754 2160 cum
774 2126 827 2159 non
844 2124 930 2158 rane
945 2105 1028 2159 levius
1047 2103 1172 2157 sslinnet.
1207 2101 1262 2155 sed

214 2190 235 2242 si
255 2189 337 2243 letius
353 2190 485 2255 allinunt,
510 2211 564 2244 ηοη
581 2212 646 2246 sous
664 2205 701 2249 est
719 2214 775 2247 non
795 2212 988 2266 usquequaque
1007 2192 1047 2246 rel
1065 2212 1121 2245 nun
1140 2191 1262 2256 omnino,

213 2294 280 2347 erpo
298 2288 369 2331 recte
386 2277 472 2332 habet.
507 2279 562 2333 Pro
579 2281 609 2332 irr
627 2283 727 2354 vulgus
743 2282 823 2337 hahet
838 2283 868 2334 in
886 2282 993 2352 vulgo
1011 2279 1079 2335 cod.
1094 2279 1146 2332 Os.
1161 2281 1182 2332 l.
1199 2297 1262 2332 cum

213 2364 300 2419 tribus
317 2365 482 2420 Manutianis
497 2378 525 2421 et
544 2367 666 2435 suerin,
694 2365 768 2441 quod
790 2380 828 2423 est
847 2367 1007 2423 correctoris
1024 2386 1079 2420 non
1099 2367 1160 2419 setis
1181 2365 1261 2419 docti.

214 2451 257 2504 Ad
283 2453 361 2507 rerba
383 2465 411 2506 et
429 2470 463 2506 ro
479 2457 563 2508 sentit
581 2455 642 2510 Fre.
660 2455 731 2529 Sylv.
750 2456 817 2512 haec
839 2455 987 2511 annotavit:
1016 2454 1118 2522 „Stoici
1136 2452 1213 2507 aliter
1233 2454 1262 2506 in

214 2539 311 2594 scholis
329 2540 479 2613 disputent,
500 2541 575 2596 aliter
594 2544 668 2597 domi
687 2546 784 2599 vivunt.
819 2545 858 2598 M.
876 2555 964 2597 autem
983 2540 1066 2609 Cato,
1086 2541 1167 2595 homo
1186 2544 1263 2612 inge-

215 2628 392 2694 niosissimus,
418 2630 572 2684 auctoribus
588 2632 771 2687 eruditissimis
788 2631 1008 2705 praeceptoribus
1024 2630 1165 2695 inductus,
1189 2626 1263 2682 Stoi·

214 2734 310 2771 corum
329 2728 469 2788 praesepta
489 2718 616 2791 arripuit,
640 2740 728 2793 neque
746 2722 898 2794 disputandi
917 2739 1009 2785 causa,
1028 2728 1059 2772 ut
1075 2736 1172 2788 magna
1191 2735 1262 2787 pers,

212 2805 261 2857 sed
277 2804 312 2857 iu
332 2804 443 2871 vivendi,
462 2817 491 2859 ut
508 2807 544 2859 ait
557 2805 656 2863 Cicero
667 2829 718 2881 pro
733 2812 763 2864 L.
775 2810 918 2864 Murena.“
953 2807 1012 2876 [Est
1029 2806 1104 2859 locus
1119 2808 1196 2871 est,
1208 2807 1262 2872 62]

213 2890 292 2944 Adde
310 2889 367 2944 Cic.
386 2891 462 2945 Brut.
478 2896 528 2948 3⁰:
555 2912 636 2966 prope
651 2899 792 2970 perseam
809 2901 839 2951 r'n
855 2898 953 2951 Stoicis
970 2906 997 2949 et
1014 2895 1048 2947 de
1066 2894 1145 2947 Finn.
1163 2895 1212 2959 ΙΙΙ,
1230 2900 1262 2947 2:

214 2983 256 3031 M.
276 2983 401 3031 Catonem
419 2979 476 3033 sirii
498 2982 529 3032 r'rr
551 2978 709 3036 bibliotheca
727 2985 875 3051 rederium,
901 2983 1096 3054 cirrumfurum
1113 2979 1263 3031 Stoicorum

213 3063 300 3116 libris.
335 3064 395 3118 Mra

287 3153 413 3220 Haerere]
438 3164 508 3207 reete
529 3155 628 3224 Stoica,
647 3177 717 3229 quae
736 3159 766 3211 in
784 3156 929 3211 dialecticis
946 3140 1057 3228 operam
1073 3158 1216 3222 consumit,
1237 3166 1264 3210 et

143 3234 148 3241 ’
214 3241 301 3307 genus
315 3238 422 3292 dicendi
440 3242 576 3313 sequitur,
601 3256 633 3298 ut
651 3247 735 3299 estin
757 3245 836 3299 tertio
855 3245 888 3296 de
905 3243 1038 3310 (lentore,
1065 3244 1212 3297 abhorrens
1228 3244 1261 3296 ab

214 3326 324 3379 auribus
341 3326 428 3399 vulgi,
446 3330 609 3399 obscurum,
627 3334 724 3400 inane,
743 3333 873 3386 ieiunum.
908 3333 1005 3385 Face.

288 3416 325 3465 Et
339 3415 368 3467 in
385 3435 418 3467 ea
435 3428 479 3470 err
491 3419 613 3488 haeresi]
633 3424 687 3485 „Et
705 3422 735 3473 in
750 3440 785 3472 eo
803 3420 947 3472 haeresi
964 3429 1016 3472 est
1035 3418 1103 3473 cod.
1117 3417 1177 3473 Bas.
1195 3417 1263 3471 Edd.

215 3499 287 3554 Crat.
307 3500 445 3573 lisignoli,
469 3505 575 3563 Mansit.
600 3520 624 3562 et
652 3510 781 3564 liuberi.“
807 3508 913 3562 Orell.
950 3507 1000 3561 Ox.
1018 3506 1048 3560 E.
1067 3525 1118 3578 pro
1136 3524 1168 3557 eo
1185 3506 1265 3560 hehet

214 3589 274 3641 ilio·
307 3589 388 3645 Drsd.
406 3597 433 3645 4.
451 3597 476 3646 5.
501 3592 608 3648 Suerin.
631 3596 661 3648 io
684 3614 717 3648 ea
735 3597 841 3649 haeresi
857 3606 906 3650 est.
943 3594 1010 3648 cod.
1028 3594 1100 3649 Gud.
1116 3593 1147 3647 B.
1165 3594 1263 3668 omittit

213 3687 270 3739 eet,
289 3696 352 3731 cum
371 3677 415 3732 Cr.
433 3683 459 3733 t.
476 3680 638 3736 pithoeanus
656 3682 725 3737 cod.
742 3685 801 3755 (ap.
818 3683 929 3752 Graer.)
951 3682 1048 3736 omittit
1068 3682 1114 3742 irr‚·
1139 3681 1219 3734 Drsd.
1237 3684 1264 3733 1.

215 3769 241 3818 2.
260 3764 359 3820 habent
375 3777 403 3818 et
419 3779 462 3821 ert
480 3769 509 3821 in
527 3787 577 3831 ως
596 3770 721 3826 Urnis&
740 3782 768 3822 et
786 3782 827 3824 est
844 3790 883 3823 eo
902 3781 1000 3823 serto
1017 3769 1129 3832 horreri,
1147 3778 1262 3838 recepta,
1359 3768 1363 3779 ‘

214 3863 245 3906 ut
259 3852 351 3924 paullo
364 3855 487 3926 superius
500 3858 593 3927 (plone
611 3876 664 3911 nors
681 3864 760 3927 sone)
780 3860 866 3931 glossa
879 3878 943 3919 eum
955 3860 1012 3930 ipsa
1023 3856 1162 3911 Ciceronis
1172 3872 1263 3910 manu.

36 3977 41 3993 .
128 3982 135 3992 .
214 3937 285 3992 Cum
310 3940 385 3996 libris
409 3943 443 3996 ah
469 3942 518 3997 Or.
543 3942 655 3999 laudetis
677 3946 780 4001 iaciunt
802 3946 917 4000 Aldinae
934 3956 1042 3999 nostrae
1059 3947 1129 3998 tttt
1147 3955 1175 3997 et
1193 3947 1261 3998 titt

212 4028 280 4096 (nec
297 4047 360 4084 sero
379 4030 463 4099 15⁴8)
481 4040 508 4085 et
525 4030 601 4103 Sytb.
641 4030 724 4100 Quod
749 4053 830 4105 supra
855 4052 886 4087 ee
910 4051 966 4085 uno
993 4030 1061 4085 eod.
1085 4042 1115 4085 ut
1139 4029 1262 4100 glossas,

204 4116 395 4185 'enolttlmtm
419 4129 508 4183 recta,
531 4120 611 4176 semel
630 4120 666 4175 its
684 4120 782 4195 legitur
799 4123 870 4195 apud
889 4120 1063 4185 Ciceronem,
1085 4128 1115 4171 ut
1132 4116 1165 4169 ad
1183 4114 1263 4166 disci·

210 4200 315 4289 plinam
340 4205 379 4258 vel
404 4204 522 4261 scholam
547 4209 682 4279 quandam
707 4211 919 4285 philosophicam
944 4208 1077 4279 respicere
1104 4204 1142 4257 vel
1167 4202 1262 4255 referti
