3059 4925
620 486 826 537 rrooruruu.
1199 463 1247 538 21

198 639 296 714 inquit,
316 641 386 698 laste
405 641 439 712 (l)
456 641 540 700 libros
557 644 591 699 de
607 643 749 700 Finibus.“
785 643 1010 717 Wyttenb‘acbius
1022 655 1112 701 autem
1130 646 1158 700 in
1170 646 1250 703 sebo·

198 731 230 785 lis
248 730 328 786 baec:
346 730 439 799 „Quia
457 731 502 785 ille
519 731 607 786 maior
624 732 709 800 liber,
727 751 808 805 quem
827 733 861 786 ad
879 743 906 786 te
922 732 1032 804 scripsi,
1052 733 1199 788 maioribus
1211 735 1251 788 ri·

199 815 317 890 giliis,-.l.
336 836 360 874 e.
379 817 546 890 longioribus
562 820 699 887 noctibus,
716 820 853 875 mensibus
868 819 1002 887 bibernis,
1026 820 1071 876 bic
1089 840 1154 894 ergo
1173 821 1250 889 liber,

200 926 281 979 quem
301 904 348 962 tibi
366 905 463 961 donari
482 917 610 979 tanquam
629 927 742 973 munus,
761 910 778 962 i.
798 927 821 963 e.
840 927 920 980 quem
939 908 988 962 tibi
1007 908 1108 976 dicavi,
1127 910 1252 981 apparuit

200 995 294 1048 intuo
312 993 439 1061 nomine,
458 995 475 1047 i.
492 1014 515 1048 e.
532 1005 580 1049 tuo
598 995 709 1050 nomine
728 995 872 1067 insignitus
881 1006 932 1052 est.
967 995 1015 1050 Est
1031 996 1104 1050 enim
1122 997 1166 1052 hic
1183 997 1252 1051 liber

201 1086 307 1136 brutus
326 1101 346 1135 s.
363 1079 397 1133 de
413 1078 501 1136 Claris
516 1080 709 1137 Oratoribus.“
745 1083 825 1152 Quae
841 1083 906 1137 item
925 1094 965 1137 est
982 1084 1113 1138 sententia
1126 1083 1250 1151 Scbiitrii,

202 1168 248 1239 qui
265 1168 293 1221 in
312 1166 516 1238 Prolcgomenis
533 1169 567 1222 ad
586 1170 736 1238 paradoxa,
754 1171 832 1238 „Hoc
848 1170 915 1225 nibil
932 1170 1021 1236 aliud,
1051 1171 1171 1242 scripsit,
1195 1191 1251 1227 esse

202 1266 302 1327 potest,
327 1274 410 1326 quam
426 1254 496 1310 liber
513 1256 546 1309 de
564 1255 652 1311 Claris
671 1257 847 1324 Oratoribus,
872 1257 919 1330 qui
942 1257 1097 1313 inscribitur
1119 1263 1252 1316 Brutus.“

201 1343 283 1412 Quod
302 1342 367 1396 mibi
384 1361 494 1415 quoque
512 1344 618 1399 ridetur
635 1344 819 1399 certissimum.
836 1373 872 1385 -
908 1342 1036 1399 Ceterum
1053 1345 1087 1398 de
1105 1343 1209 1415 Vigiliis
1225 1355 1252 1398 et

200 1430 443 1485 [incubationibus
460 1442 541 1485 exstat
557 1431 699 1503 singularis
717 1431 822 1487 libellus
843 1430 995 1504 Cbristapb.
1020 1431 1143 1497 Cullarii,
1169 1451 1251 1504 quem

201 1517 335 1589 inscripsit
349 1517 623 1585 lucubratiunculam,
641 1519 727 1573 editus
743 1519 827 1574 Habe
844 1523 916 1576 1699
933 1532 961 1575 et
978 1524 1057 1576 1196.
1073 1525 1100 1575 t.
1118 1532 1145 1575 et
1159 1520 1252 1591 dispu-

202 1608 266 1662 tatio
283 1605 384 1660 Mureti
402 1608 481 1661 Varr.
505 1607 588 1661 Lectt.
610 1607 707 1674 XVlll,
730 1610 774 1663 ta.
821 1607 863 1662 Ad
887 1628 911 1662 r.
931 1628 1029 1661 munus
1053 1607 1143 1662 laudat
1169 1608 1251 1679 Borg.

201 1693 397 1767 praelationum
412 1692 527 1766 Aquilae
536 1694 660 1752 ,Romani
685 1694 852 1765 grammatici
878 1695 913 1748 ad
939 1694 1060 1748 libellum
1086 1696 1120 1749 de
1145 1696 1252 1767 Figuris

203 1781 400 1838 Sententiarum
417 1781 465 1852 (ad
483 1780 584 1838 calcem
602 1781 695 1840 Rutilii
712 1781 796 1853 Lupi)
813 1801 829 1835 a
846 1780 1008 1836 Rubukeuio
1025 1782 1137 1847 editum,
1152 1782 1200 1836 ubi
1213 1793 1253 1835 est

203 1892 229 1943 p.
242 1874 308 1927 139:
327 1869 437 1942 ideoque
452 1880 548 1938 postea
565 1870 616 1924 boc
632 1869 740 1940 planum
756 1868 809 1921 tibi
824 1888 922 1923 munus
934 1871 1080 1923 reddemus.
1115 1868 1253 1931 Memora·

204 1960 255 2015 bile
272 1957 352 2013 etiam
369 1957 436 2010 illud
453 1967 505 2024 est,
522 1958 597 2030 quod
615 1958 644 2011 in
665 1955 734 2012 Cod.
751 1956 825 2011 Gud.
840 1956 874 2011 Α.
892 1956 978 2010 verbis
995 1958 1125 2010 maiorum
1143 1955 1252 2028 uigilia-

204 2068 262 2100 rum
278 2045 492 2118 superscriptum
510 2056 562 2100 est:
580 2056 656 2100 notat
673 2044 718 2099 lib.
731 2046 763 2098 da
780 2046 850 2115 rep„
870 2045 936 2100 etin
952 2042 1003 2098 Os.
1022 2046 1041 2098 l.
1058 2042 1251 2114 scriptumest:

205 2135 330 2205 quoniam
348 2152 432 2203 opus
458 2133 530 2185 illud
546 2134 679 2188 maiorum
699 2133 857 2204 uigiliarum
885 2132 1168 2186 Tusculanarum
1192 2149 1253 2182 mu-

205 2240 263 2288 nus,
279 2221 309 2274 in
328 2219 396 2274 Cod.
412 2219 521 2274 Suerin.
538 2220 664 2291 quonium
687 2219 760 2274 illud
776 2229 855 2291 eget
873 2221 1003 2273 maiarum
1019 2221 1176 2292 uigiliarum
1192 2237 1254 2271 mu-

204 2329 256 2362 rrus
276 2308 569 2362 Tusculanarum.
604 2306 679 2376 Quid
696 2306 964 2378 slbirelitilludeget
982 2326 1039 2361 non
1053 2305 1132 2362 facile
1147 2305 1251 2373 dixeris,

176 2401 179 2412 ’
205 2397 255 2452 nisi
270 2397 340 2452 lorte
352 2394 448 2470 aliquis
467 2395 597 2469 glossator
614 2395 643 2450 in
662 2393 786 2466 margine
802 2390 943 2467 adscripsit
959 2396 1094 2467 egregium
1112 2413 1159 2458 sc,
1176 2410 1254 2448 com-

206 2487 304 2559 pendio
321 2485 469 2557 scriptum,
491 2484 566 2557 quod
592 2501 734 2556 perperam
760 2483 859 2539 lectum
875 2483 906 2536 in
931 2493 1080 2537 contextam
1104 2481 1253 2534 orationem

205 2573 306 2646 recepit
324 2573 586 2644 librariusinoptus.
627 2574 659 2626 ln
685 2571 752 2626 eod.
770 2570 850 2625 Drsd.
869 2575 896 2626 5.
916 2570 990 2625 abest
1005 2588 1118 2633 munus,
1145 2577 1172 2621 et
1195 2576 1255 2637 post

206 2664 308 2717 nomine
324 2660 445 2733 sequitur
463 2660 598 2733 quidem
615 2660 754 2729 apparuit.
791 2658 850 2714 Mu.

276 2748 445 2820 Degustabis
462 2759 490 2801 et
507 2749 567 2816 boc]
586 2746 629 2802 Al.
649 2758 677 2801 et
696 2746 854 2819 degustabis
872 2748 930 2800 boc.
965 2745 1061 2801 Face.

277 2847 304 2889 st
323 2835 481 2909 degustabis
497 2854 582 2907 geraus
600 2837 672 2904 boc,]
700 2836 791 2889 Verba
809 2845 836 2887 et
855 2833 1012 2906 degustabis
1030 2850 1114 2903 usque
1139 2830 1174 2884 ad
1192 2848 1256 2883 carr-

206 2925 282 2979 susui
297 2923 394 2978 desunt
417 2924 445 2977 in
463 2922 529 2977 cod.
547 2923 628 2978 Drsd.
647 2927 682 2989 ds
706 2923 774 2977 Cod.
788 2922 839 2977 Os.
863 2922 895 2976 E.
922 2921 1004 2976 Bern.
1027 2919 1136 2989 Erlang.
1160 2915 1255 2970 Duisb.

206 3011 266 3067 Cra.
277 3017 303 3066 2.
321 3011 393 3066 Gud.
409 3011 444 3065 Β.
459 3010 511 3064 Ed.
527 3010 614 3067 Sulis.
630 3011 712 3080 Petri,
732 3013 803 3067 vics
819 3011 913 3064 bamb.
932 3009 1059 3064 omiturnt
1075 3008 1125 3060 boc
1134 3024 1198 3059 cum
1206 3004 1256 3059 Ed.

206 3101 473 3174 princ.Mog.1465.
491 3119 569 3154 voces
584 3111 612 3152 et
629 3112 657 3154 et
674 3101 724 3153 boc
740 3099 868 3154 omittunt
886 3097 954 3150 Edd.
973 3097 1042 3150 Ven.
1052 3098 1131 3149 1461.
1150 3103 1256 3146 nostrae

207 3190 275 3242 Ven.
284 3192 363 3244 1499.
382 3191 462 3245 1514.
478 3187 796 3260 {augustidunensis
814 3190 894 3240 151⁵.
913 3186 974 3238 Par.
987 3187 1067 3238 aaut.
1103 3180 1173 3234 Cum
1186 3180 1256 3233 Fac·

207 3278 268 3332 ciol.
287 3287 346 3348 post
363 3276 494 3345 apparuit
511 3275 592 3347 plene
609 3275 776 3346 distinguunt
793 3282 963 3345 perguntque
981 3267 1148 3340 Degustabis
1164 3276 1192 3316 et
1207 3266 1257 3317 hoc

205 3383 291 3436 genus
308 3363 376 3419 Edd.
397 3363 430 3417 H.
448 3362 534 3417 Wolt.
552 3362 614 3417 Ald.
632 3367 711 3418 1548.
730 3362 814 3416 Paris.
831 3361 911 3415 154³.
956 3355 1010 3410 Sed
1029 3355 1082 3408 boc
1109 3363 1148 3407 est
1162 3363 1257 3407 contra

207 3460 318 3504 morem
330 3449 476 3505 Ciceronis.
518 3450 574 3505 Nos
587 3451 703 3522 optimos
720 3450 859 3523 sequimur
876 3447 959 3501 libros
976 3455 1002 3498 et
1018 3440 1132 3513 scriptos
1155 3451 1182 3495 et
1199 3438 1257 3494 edi·
1271 3451 1279 3457 '

207 3547 256 3592 tos.
293 3537 353 3591 Mu.

278 3637 318 3686 Et
343 3632 500 3706 degustabis
531 3651 617 3705 genius
645 3634 705 3702 boc]
734 3631 784 3686 Or.
805 3630 839 3686 ad
868 3629 1011 3683 lectionem
1048 3625 1195 3691 librorum,
1227 3625 1257 3678 in

209 3723 305 3796 quibus
334 3721 407 3776 deest
438 3723 487 3774 boc
512 3721 553 3775 rel
580 3730 608 3773 et
632 3724 696 3788 boc,
719 3722 829 3793 signum
856 3717 972 3784 addidit,
1006 3733 1061 3787 quo
1085 3712 1258 3785 significatur,

104 3846 110 3855 .
208 3810 336 3866 lectiones
369 3809 417 3863 bas
448 3829 504 3864 esse
533 3810 736 3876 memorabiles,
768 3819 892 3879 receptae
923 3807 1033 3858 iortaue
1065 3801 1260 3874 praeferendas.

210 3895 276 3952 illibi
296 3898 405 3971 quidem
422 3898 546 3952 ridentur
568 3916 624 3950 non
652 3897 735 3955 modo
760 3915 819 3950 non
838 3894 966 3951 tantidem
987 3890 1181 3956 aestimandae,
1213 3887 1258 3942 sed

210 4004 244 4039 nc
262 3984 416 4057 probabiles
433 3985 543 4057 quidem
561 4004 626 4039 esse.
661 3984 703 4038 Ad
720 4005 743 4039 v.
764 3983 920 4056 degustabis
937 3982 1019 4052 Rorg.
1037 3979 1143 4034 confert
1160 3977 1194 4031 de
1211 3975 1261 4028 Or.
1305 3997 1315 4019 ο

209 4071 242 4140 ii,
261 4076 310 4128 dli:
328 4074 423 4145 itaqua
435 4073 496 4144 feci
513 4101 550 4113 ·-
565 4084 594 4124 et
609 4072 724 4138 istarum
742 4073 859 4125 omnium
877 4068 1030 4122 summatim
1047 4082 1146 4120 causas
1169 4073 1197 4113 et
1213 4078 1261 4132 ge-

210 4176 276 4212 nem
293 4160 354 4230 ipsa
370 4159 528 4232 gustavi.
564 4159 623 4213 Mr.

285 4247 520 4300 Exercitatioaum
537 4249 654 4314 aarum]
673 4245 711 4301 lta
730 4244 818 4302 Codd.
836 4243 887 4300 01.
895 4248 921 4301 b.
940 4240 1020 4296 Drsd·
1031 4245 1055 4294 2.
1072 4233 1179 4290 suerin.
1195 4230 1262 4283 Edd·
