3059 4925
517 480 712 527 rannnoxon
738 482 783 527 rr.
811 482 881 529 car.
901 482 936 528 u.
1174 457 1249 532 293

200 639 254 689 Pro
275 638 428 706 provincias
446 639 513 691 cod.
532 639 603 691 Gud.
624 640 655 690 Α.
677 638 754 690 hahet
771 639 915 707 provintiis
932 635 996 705 (sic)
1011 641 1149 707 μεωιὲαε.
1182 641 1248 695 Coo.

201 725 277 778 Suer.
297 725 395 779 omittit
413 743 472 797 que.
508 726 567 778 Me.

271 814 496 885 defaenerandas]
518 813 629 865 foenore
648 812 848 882 demergendos.
895 811 980 864 Nemo
1000 832 1028 863 ex
1049 813 1146 865 Latinis
1171 834 1249 884 prae-

200 913 239 953 ter
257 893 400 971 Apuleium
420 900 517 953 imitari
537 901 647 952 rerhum
667 899 718 953 hoc
739 919 818 953 ausus
843 912 890 953 est.
926 899 979 953 Sed
999 900 1074 952 locus
1103 921 1157 954 non
1177 914 1250 956 caret

200 988 289 1039 mendi
308 989 465 1058 suspicione.
502 989 601 1041 Facc.
694 989 698 994 ’

270 1077 308 1125 ad
320 1076 500 1145 fenerandas]
520 1077 570 1143 „ln
589 1076 723 1147 prioribus
740 1075 822 1128 Editt.
833 1076 930 1147 legitur
949 1078 1155 1147 defenerandas,
1175 1080 1248 1150 quod

200 1163 283 1232 magis
301 1163 424 1215 convenit
444 1181 504 1217 cum
525 1163 653 1216 sententia
676 1161 831 1228 Ciceronis,
850 1165 867 1216 i.
886 1183 909 1217 e.
938 1162 1054 1234 aliquem
1079 1164 1172 1218 fenore
1193 1169 1247 1218 eri-

199 1250 288 1320 gendo
307 1270 411 1317 vexare,
431 1248 576 1305 exhaurire.
612 1250 701 1304 Semel
720 1249 764 1303 lile
783 1251 885 1304 dictum
904 1249 1061 1304 aCicerone
1081 1253 1247 1318 defenerari:

199 1337 260 1391 hinc
278 1331 365 1391 tamen
385 1339 456 1391 duxit
475 1336 624 1408 Appuleius
643 1337 671 1389 in
690 1337 823 1408 Apologia
844 1340 882 1409 [p.
905 1341 966 1403 322,
988 1340 1053 1405 ²l.].
1097 1338 1249 1391 Utehantur

198 1435 285 1478 autem
304 1424 406 1479 adhoc
422 1426 476 1478 suis
494 1426 604 1489 libertis,
621 1425 667 1496 qui
687 1426 868 1478 commendati
888 1436 964 1478 erant
976 1426 1172 1495 magistratibus
1191 1425 1247 1477 Ro-

198 1513 283 1564 manis
299 1513 327 1564 in
347 1513 587 1584 provinciis'apud
608 1532 674 1583 quas
694 1513 763 1566 banc
780 1514 922 1583 pecuniam
942 1514 968 1578 in
981 1514 1075 1564 fenore
1095 1524 1247 1583 posueram.

197 1599 282 1651 Multa
302 1600 358 1651 eius
375 1599 412 1651 rei
432 1600 550 1671 exempla
569 1612 631 1652 sunt
648 1600 720 1670 apud
740 1599 899 1653 Ciceronem
929 1601 956 1651 in
976 1599 1100 1669 Epistolis
1122 1612 1149 1651 et
1173 1598 1247 1652 Ora·
1293 1659 1299 1668 χ
1325 1621 1331 1640 ¹

197 1688 323 1741 tionibus.
365 1687 437 1739 ldem
463 1688 542 1739 etiam
572 1698 609 1739 est
635 1697 823 1756 argumentum
843 1686 978 1738 Plutarchi
1002 1686 1030 1737 in
1055 1685 1125 1739 libro
1150 1686 1183 1738 de
1209 1685 1246 1736 ri-

197 1775 278 1828 tando
296 1791 358 1827 aere
375 1774 492 1828 alieno.“
519 1775 699 1845 Wyttenh.
745 1774 814 1827 Satis
840 1759 1004 1845 significatur
1025 1773 1108 1825 verbo
1131 1772 1245 1843 simplici

191 1863 373 1933 fenerandas,
398 1863 473 1933 quod
500 1863 553 1915 vult
577 1862 691 1929 Cicero,
720 1881 783 1916 cum
810 1863 929 1916 additum
956 1864 988 1916 sit
1014 1860 1244 1930 diripiendasque:

198 1961 280 2022 quare
299 1969 355 2002 uon
374 1951 550 2002 necessarium
581 1951 685 2003 videtur
709 1951 842 2004 vindicare
858 1948 984 2005 Ciceroni
1012 1949 1138 2011 verbum,
1170 1948 1246 1999 cuius
1323 1941 1325 1944 ¹

115 2035 125 2052 ³
197 2039 250 2090 duo
269 2038 444 2103 substantiva,
471 2037 639 2107 defeneratio
666 2046 691 2089 et
710 2038 896 2107 defeneratos,
926 2056 1005 2089 nemo
1033 2033 1111 2088 habel
1139 2043 1244 2104 praeter

197 2125 392 2195 Augustinum,
420 2124 593 2195 participium
609 2135 708 2190 ,autem
729 2125 904 2194 defeneratus
931 2144 993 2177 cum
1013 2121 1147 2194 Appuleio
1171 2120 1245 2173 solus

197 2212 275 2266 hahet
291 2212 437 2267 Scholiasta
457 2212 648 2266 Ambrosianus
673 2212 705 2264 ad
726 2209 862 2281 Fragmm.
882 2211 938 2265 Cic.
967 2213 994 2263 in
1014 2211 1045 2263 P.
1066 2210 1189 2261 Clodium
1217 2221 1244 2262 et

197 2300 342 2354 Curionem
368 2321 392 2372 p.
412 2304 454 2354 92.
481 2301 522 2353 ed.
547 2299 632 2353 Beier.
661 2319 686 2369 p.
704 2302 765 2353 3³2.
796 2300 844 2352 Ed.
869 2298 965 2352 Orellii
994 2309 1020 2351 et
1048 2296 1153 2349 Baiteri.
1183 2296 1241 2348 ΜΓ.

196 2390 344 2455 „Fenerari
358 2390 523 2458 provinciam
542 2407 610 2440 nove
628 2388 728 2441 dictum
748 2399 800 2453 est,
828 2388 949 2458 quamvis
961 2386 1086 2456 fenerari
1104 2385 1244 2453 pecuniam

197 2487 222 2530 et
242 2476 396 2545 beneficiam
420 2477 482 2529 alibi
506 2475 578 2529 dicat
595 2475 704 2529 Cicero:
733 2488 762 2528 ut
788 2477 848 2529 Act.
871 2477 899 2528 in
929 2478 1007 2527 Verr.
1027 2473 1068 2540 [ll.
1087 2473 1116 2525 1..
1136 2473 1168 2538 ll,
1187 2473 1241 2537 to]

195 2553 273 2615 roem'
283 2572 424 2633 praeterea
439 2564 611 2632 pecunias
632 2563 714 2615 utitis
732 2565 964 2616 extraordinarias
984 2558 1101 2634 g'randes
1126 2580 1176 2614 soe
1194 2578 1244 2610 no-

196 2649 540 2722 rninefenerabaturr
562 2662 587 2704 et
605 2651 632 2703 in
653 2650 722 2703 lihro
739 2651 878 2706 debmic.
898 2652 947 2720 [9.]
993 2653 1086 2722 Neque
1103 2649 1173 2701 enim
1192 2647 1243 2696 he-

195 2738 364 2809 aeficium
374 2738 555 2808 feneramu
565 2759 594 2804 r,
612 2740 661 2791 sed
676 2749 779 2795 natura
796 2743 921 2809 propensi
939 2741 978 2791 cd
989 2739 1179 2791 liberalitatem
1195 2756 1242 2789 su-

195 2831 280 2880 mus.“
315 2824 493 2896 Frc.8yl=v.

266 2913 312 2983 qui
329 2900 497 2980 expulsiones
514 2914 687 2981 vicinorum]
726 2918 779 2965 Vos
809 2915 855 2984 qoi
881 2915 953 2965 abest
978 2933 993 2965 a
1021 2914 1088 2964 coo.
1115 2912 1194 2963 Drsd.
1212 2914 1238 2963 4.

194 3002 224 3054 ln
242 3000 315 3053 Gud.
336 3002 367 3051 Α.
386 3000 484 3070 legitur
502 3001 637 3057 vitiorum.
674 3001 788 3072 Egregie
809 3000 916 3054 scilicet.
962 3001 1003 3052 Ad
1031 2990 1108 3052 ierha
1135 3001 1241 3053 confert

193 3089 272 3157 Borg.
290 3070 348 3140 Cic.
366 3084 482 3158 Philipp.
498 3088 569 3154 XIV,
589 3092 621 3143 ss
641 3099 691 3140 cut
710 3089 822 3140 eiiciont
839 3090 950 3141 uicinos.
970 3117 1005 3126 -
1041 3088 1087 3151 „ln
1106 3089 1177 3159 agris
1191 3087 1240 3139 lte-

193 3179 257 3230 hant
273 3175 440 3246 expulsiones
458 3177 607 3229 vicinorum
624 3178 642 3229 i.
655 3196 678 3231 e.
698 3196 712 3229 e
732 3176 823 3229 ricinis
840 3194 918 3246 agros
932 3176 1070 3245 exigebant
1088 3194 1170 3246 parvo
1188 3174 1237 3224 ob·

192 3264 244 3317 lato
264 3262 364 3334 pretio,
384 3263 456 3334 quorl
476 3264 494 3316 ii
512 3265 532 3317 si
551 3264 653 3317 nollent
678 3265 813 3336 accipere,
844 3283 889 3316 eos
914 3284 962 3335 per
990 3265 1040 3316 rim
1066 3261 1239 3333 expellebant.
1278 3314 1283 3324 ,

191 3354 349 3405 Latrocinia
368 3363 455 3407 autem
475 3353 503 3404 in
521 3355 597 3425 agas
617 3353 765 3418 faciebant,
785 3372 847 3407 cum
867 3351 988 3406 homines
1005 3351 1102 3403 liberos
1129 3350 1179 3401 iter
1196 3349 1237 3400 la-

192 3441 289 3495 cieotes
303 3460 365 3513 per
387 3441 436 3497 bos
460 3456 539 3513 agros
572 3441 725 3512 exciperent
759 3453 785 3493 et
819 3442 846 3492 in
877 3441 1026 3493 servitutem
1057 3437 1237 3507 redigerent.“

191 3530 229 3577 W
237 3541 296 3599 ytt.
334 3529 547 3597 „Expulsiones,
573 3548 610 3581 sc·
635 3549 664 3581 ex
683 3531 766 3600 agris,
794 3550 861 3600 quos
886 3538 1051 3599 occuparant
1075 3525 1237 3597 polentiores

191 3625 216 3667 et
236 3615 417 3685 opulentiores
435 3626 481 3667 aut
499 3615 522 3666 vi
540 3627 566 3668 et
583 3615 777 3668 calumniarum
796 3628 881 3680 metu,
909 3627 954 3668 aut
972 3615 1062 3685 pretio
1085 3613 1234 3677 noniusto,

190 3714 241 3755 aut‘
255 3705 426 3774 usurpatione
444 3700 569 3756 niorto.
615 3703 684 3757 llinc
710 3705 753 3756 illa
770 3703 923 3759 ¹latifundia.
943 3703 1128 3760 Romanorum
1159 3701 1238 3752 nobi-

189 3791 270 3857 lium,
288 3790 321 3843 de
340 3790 689 3861 quibusmultamultisin
716 3792 780 3846 locis
799 3792 869 3863 apud
888 3790 1070 3844 Plutarchum.
1118 3787 1183 3840 lade
1213 3800 1239 3840 et

190 3876 261 3931 Flor.
280 3877 324 3942 lll,
344 3880 386 3930 te:
410 3877 445 3929 de
463 3876 601 3935 Graccho:
628 3880 767 3948 depulsam
792 3882 866 3951 agris
889 3880 947 3930 sais
969 3877 1071 3948 plebeos
1093 3878 1237 3929 miseratus

187 3969 256 4016 est.“
278 3965 396 4018 Graes.
442 3965 798 4037 AdditGemh.Cie.⁴p1-o
823 3967 917 4019 Milon.
936 3972 981 4030 at,
999 3970 1042 4019 14.
1062 3965 1108 4017 uhi
1127 3962 1238 4015 Clodius

188 4051 285 4104 licitur
302 4054 433 4123 pepulisse
451 4055 504 4106 sicis
519 4055 729 4124 possessionibus
753 4048 789 4122 Q.
810 4054 938 4121 Varium,
964 4054 997 4107 Τ.
1016 4052 1178 4112 Pacuvium,
1203 4050 1236 4101 T.

187 4142 361 4204 Furianium,
381 4129 500 4212 Appium
517 4144 635 4197 fratrem.
674 4143 702 4195 M
709 4164 732 4196 r.

256 4229 410 4295 latrocinia]
440 4228 535 4300 „Rapti
555 4248 698 4303 peragras
724 4235 848 4298 viatores,
878 4244 908 4285 ut
934 4243 972 4285 est
998 4232 1028 4282 in
1051 4223 1180 4299 Suetonio
1202 4223 1234 4273 de
