3059 4925
284 437 360 513 294
610 462 782 510 rraeuoxs
810 459 1004 508 srorcouun.

283 621 404 693 Augusto
422 640 481 693 cap.
500 621 565 675 32.“
579 621 601 672 F
609 638 677 673 acc.
715 618 817 686 „Addit
834 618 909 673 Suet.
927 618 984 672 sine
1002 618 1156 672 discrimine
1180 616 1256 672 liberi
1276 635 1335 670 ser·

284 711 374 781 vique,
395 708 532 780 ergastulis
552 727 733 779 possessorum
753 706 1018 779 supprimebantur.“
1055 704 1115 760 Gb.

356 816 416 850 cum
428 798 526 863 servis,
544 814 604 847 cum
621 795 745 862 libertis]
764 794 875 865 Legitur
893 813 953 847 curu
971 792 1099 845 liberis
1118 792 1145 843 in
1165 789 1252 843 Codcl.
1267 788 1334 842 Osa.

283 885 314 938 E.
331 885 365 939 U.
382 906 409 955 η,
428 904 452 937 o.
469 902 501 946 p.
518 883 613 936 Duisb.
632 882 693 939 Cra.
713 884 738 935 1.
757 881 838 934 Drsd.
859 885 884 935 2.
903 884 930 936 3.
948 885 988 944 5.;
1013 880 1110 933 desunt
1128 878 1194 930 baec
1211 877 1267 929 duo
1285 893 1333 927 ro-

283 972 377 1027 cabula
403 973 430 1024 in
454 969 541 1023 Codd.
565 972 623 1023 Cra.
638 974 664 1023 1.
682 980 708 1023 et
725 975 750 1023 2.
787 968 878 1040 Pergit
902 967 970 1021 cod.
990 966 1061 1020 Gud.
1081 965 1112 1018 B.
1137 966 1165 1014 co
1189 961 1332 1018 clientibus.

284 1059 349 1114 Cre.
362 1064 387 1115 3.
406 1078 465 1111 cum
483 1059 655 1111 clientulis.
691 1057 752 1111 Mr.

354 1146 521 1212 societates,]
551 1144 593 1198 De
618 1144 787 1200 societatibus
804 1144 851 1210 iis,
879 1162 949 1215 quae
972 1143 1000 1196 in
1023 1140 1249 1213 negotiationibus
1271 1137 1333 1192 iniri

284 1231 397 1297 soleant,
424 1243 461 1286 est
488 1233 515 1284 in
535 1231 605 1285 libro
623 1232 760 1286 Iustiniani
786 1230 986 1286 Institutionum
1011 1229 1119 1284 tertio.“
1146 1227 1169 1279 F
1177 1245 1223 1282 rc.
1244 1224 1335 1297 Sylv.

285 1319 343 1387 [Est
359 1319 433 1374 Libri
450 1320 494 1373 lll.
511 1319 564 1373 Tit.
583 1323 616 1373 ²5
641 1319 710 1389 (26.)
727 1339 754 1390 p.
774 1321 828 1373 148
846 1337 886 1389 sq.
902 1316 951 1370 Ed.
969 1315 1083 1370 Schrad.
1099 1314 1178 1380 min,
1195 1333 1221 1384 p.
1239 1315 1333 1367 548-

284 1410 344 1460 133
363 1406 413 1462 Ed.
429 1408 505 1476 mai]
552 1406 642 1474 „Sunt
668 1417 835 1461 mercaturae
853 1416 879 1459 et
897 1421 1124 1476 quorumcunque
1147 1399 1333 1471 negotiorum,

284 1494 313 1546 in
330 1514 412 1567 quam
430 1496 582 1549 societatem
601 1495 621 1547 si
642 1494 722 1548 berus
739 1514 841 1559 servos,
867 1504 913 1547 aut
931 1503 1062 1562 patronus
1078 1489 1188 1543 libertos
1206 1498 1232 1542 et
1249 1486 1334 1541 clien-

285 1592 323 1635 tes
337 1592 497 1648 assumeret,
517 1583 602 1635 maius
616 1581 696 1636 fiebat
715 1582 835 1636 lucrum:
853 1581 927 1653 quod
945 1580 1008 1633 item
1026 1577 1094 1632 Cato
1112 1576 1190 1643 lecit,
1215 1572 1334 1646 quamvis

284 1669 324 1721 sir
341 1668 468 1739 optimus:
500 1667 564 1722 Tria
584 1680 673 1723 autem
693 1681 754 1724 sunt
773 1689 871 1741 genera
890 1667 1031 1721 bominum
1048 1665 1198 1719 alienorum
1221 1662 1335 1716 anobis

284 1754 473 1824 pendentium:
492 1746 610 1827 primum
628 1758 709 1823 servi,
730 1768 788 1810 tum
806 1756 910 1823 liberti,
929 1756 946 1809 i.
966 1775 988 1808 e.
1005 1773 1020 1807 a
1038 1754 1117 1808 nobis
1134 1772 1150 1806 e
1167 1750 1290 1806 servitute
1303 1749 1333 1802 in

284 1839 431 1896 libertatern
456 1842 570 1910 dimissi,
595 1842 712 1915 denique
737 1845 861 1911 clientes,
886 1843 933 1915 qui
958 1843 1035 1897 nobis
1057 1860 1106 1913 per
1131 1841 1172 1894 ius
1196 1837 1334 1896 clientelae

285 1930 422 1984 coniuncti
441 1941 514 1984 sunt:
540 1931 573 1984 de
603 1930 702 2003 quibus
723 1931 773 1985 sid.
792 1931 859 1984 Ern.
878 1929 951 1983 clav.
969 1928 1026 1985 cio
1046 1950 1067 1981 r.
1088 1930 1203 1984 Cliens.“
1228 1926 1331 1996 wyri.

287 2015 355 2070 add.
371 2015 495 2072 Dirksen.
513 2018 639 2072 Manuale
657 2018 763 2073 Latinit.
782 2019 862 2073 Font.
877 2018 931 2071 lur.
953 2016 1009 2070 Cis.
1028 2017 1105 2070 Rom.
1134 2015 1192 2072 ead.
1216 2034 1239 2069 s.
1264 2031 1333 2068 euu-

285 2102 401 2175 demqne
419 2124 442 2156 v.
461 2106 591 2158 Societas.
627 2104 701 2173 Quid
719 2104 882 2160 Niebubrius
899 2105 933 2159 de
948 2104 1097 2159 Clientibus
1107 2103 1136 2156 in
1148 2102 1244 2155 Hister.
1254 2099 1334 2152 Rom.

285 2190 419 2256 statuerit,
438 2202 533 2244 notum
552 2202 600 2245 est.
637 2193 716 2247 conf.
734 2192 821 2265 Pauly
838 2192 988 2263 Encyclop.
1007 2211 1030 2244 v.
1050 2190 1145 2244 cliens.
1181 2186 1242 2240 Mr-

357 2279 405 2348 qui
419 2279 597 2346 possessiones
616 2297 720 2332 vacuas
737 2282 800 2348 etc]
838 2279 904 2346 „Est
924 2281 950 2331 ἲν
967 2276 1014 2331 daci
1032 2281 1119 2330 ductes
1146 2277 1164 2331 i.
1182 2296 1206 2330 e.
1224 2274 1271 2346 qui
1291 2293 1336 2327 re·

285 2363 411 2419 cordetur
427 2366 524 2420 multas
542 2367 715 2442 peseeesiones
733 2387 828 2422 vacuas
844 2367 928 2424 lacus
950 2385 999 2438 per
1024 2364 1233 2436 proscriptiones
1259 2361 1338 2415 locu·

285 2449 412 2522 plotium,
432 2453 526 2525 quint
544 2454 777 2527 proscriberentur
794 2476 844 2528 per
862 2467 902 2524 te,
922 2456 1030 2520 Crasse,
1059 2454 1087 2507 in
1105 2453 1198 2526 primis
1225 2471 1240 2506 a
1258 2448 1334 2504 Sulla

285 2539 457 2610 impetratum
476 2554 546 2595 erat:
573 2554 602 2597 tu
622 2555 688 2598 tunc
706 2545 918 2617 proscriptorum
937 2562 1032 2597 vacuas
1050 2541 1226 2613 possessiones
1252 2557 1335 2594 occu·

286 2625 367 2696 pasti,
386 2627 492 2681 aedium
511 2648 586 2682 areas
603 2630 730 2685 incendio
748 2633 950 2703 absumptorum
968 2630 1070 2694 emisti,
1098 2648 1179 2700 quam
1201 2627 1259 2681 lieri
1284 2644 1335 2697 pn-

287 2712 351 2778 tuit,
369 2713 498 2781 minimo,
515 2715 633 2788 itemque
652 2719 723 2772 bona
742 2720 955 2791 proscriptorum
983 2716 1069 2787 pretio
1094 2716 1205 2767 minime
1227 2731 1337 2783 magno.

288 2798 350 2868 Qua
369 2800 402 2853 de
419 2820 449 2854 re
466 2801 566 2856 multus
591 2815 630 2858 est
648 2805 807 2860 Plutarchus
833 2804 861 2859 in
880 2803 941 2857 Vita
971 2802 1067 2856 Crassi.
1102 2800 1172 2855 add.
1198 2798 1255 2853 cic.
1284 2817 1336 2868 pro

288 2888 366 2942 Rosc.
385 2887 446 2943 Am.
465 2891 510 2945 8.“
527 2891 634 2962 Wytt.
682 2893 724 2947 Ad
750 2913 773 2946 r.
794 2891 984 2951 Possessiones
1010 2907 1113 2943 vacuas
1140 2886 1231 2947 laudat
1254 2884 1337 2955 Borg.

288 2976 453 3031 Brissnnium
476 2977 510 3034 de
535 2979 635 3033 Verbb.
658 2978 755 3052 signif.
783 2981 820 3035 ib.
847 2982 927 3033 Anct.
950 2978 983 3032 ad
1008 2977 1126 3031 Herenn.
1143 2974 1190 3041 lV,
1209 2976 1253 3028 29.
1276 2970 1336 3026 coll.

288 3062 422 3118 Heinrich.
442 3064 475 3118 ad
494 3064 545 3118 Or.
563 3086 614 3136 pro
632 3068 703 3122 Tull.
722 3072 765 3124 13.
784 3071 868 3125 Corn.
886 3067 967 3138 Nep.
973 3064 1072 3127 Timol.
1092 3068 1123 3119 3·
1142 3062 1219 3115 Bello
1236 3079 1334 3115 vacue·

283 3150 382 3221 factas
397 3155 584 3223 possessiones.
620 3154 727 3224 Quibus
743 3156 805 3210 add.
821 3152 946 3215 Dirkseu.
964 3154 983 3207 l.
1000 3173 1024 3208 c.
1042 3172 1066 3205 v.
1089 3150 1214 3202 Vacuus:
1232 3148 1261 3202 in
1279 3146 1337 3218 pri-

288 3238 339 3295 mis
355 3252 443 3297 autem
463 3242 513 3297 rid.
520 3242 550 3301 l.
570 3240 604 3295 G
623 3241 747 3299 Huscblrii
771 3243 899 3301 Analecta
917 3239 1253 3310 litterariap.124sqq.
1282 3231 1335 3284 Mr

355 3338 533 3407 possessiones
550 3340 664 3405 nocuas]
701 3339 794 3405 „unde
812 3337 888 3393 eiecti
906 3335 1024 3402 domini,
1049 3345 1095 3388 aut
1113 3330 1271 3404 proscripti,
1288 3339 1336 3385 aut

290 3424 373 3489 caesi,
390 3424 547 3478 dominante
564 3423 654 3495 Sylla,
674 3425 720 3498 qui
741 3445 776 3478 ne
794 3423 948 3497 municipiis
964 3422 1074 3496 quidem
1093 3419 1230 3492 pepercit,
1256 3414 1337 3471 undi-

289 3531 341 3581 que
356 3512 527 3582 .praidatus.“
560 3511 584 3565 F
591 3532 660 3568 acc.

361 3600 408 3670 qui
423 3600 630 3669 proscriptiones
649 3601 846 3671 locupletium]
865 3600 955 3669 „Cum
974 3599 1049 3655 Sulla
1075 3598 1159 3655 victor
1184 3593 1337 3667 proscribe·

290 3696 331 3738 ret
347 3705 407 3751 eos,
433 3685 480 3757 qui
498 3686 634 3743 Marianas
651 3699 739 3759 partes
757 3689 839 3745 secuti
863 3700 953 3755 erant,
980 3687 1079 3741 multos
1106 3706 1136 3741 ex
1160 3683 1338 3756 locupletibus

289 3770 367 3824 simul
385 3771 553 3843 proscripsit,
572 3786 601 3830 ut
620 3794 715 3831 eorum
732 3778 804 3830 bona
822 3775 1034 3847 publicarentur.
1077 3774 1114 3843 Q.
1133 3773 1259 3829 Aurelius
1275 3770 1339 3827 nul·

291 3857 323 3909 lis
339 3877 367 3911 se
385 3860 498 3929 negotiis
515 3861 670 3933 implicans,
695 3864 787 3918 lorum
814 3864 963 3936 ingressus,
988 3862 1204 3936 proscriptorum
1227 3859 1339 3917 nomina

288 3945 405 4017 legebat,
422 3947 451 4002 in
470 3951 566 4020 quibus
587 3971 648 4006 cum
667 3971 695 4006 se
712 3954 801 4026 ipsum
820 3954 1008 4026 comperisset,
1026 3953 1145 4020 Albana,
1164 3951 1261 4023 inquit,
1279 3947 1339 4004 silla

288 4052 331 4086 me
350 4037 511 4108 proscripsit.
555 4039 710 4094 Paullulum
737 4060 894 4112 progressus
921 4040 1056 4110 iugulatus
1080 4051 1125 4094 est.
1170 4039 1275 4093 Auctor
1294 4047 1341 4093 ‚est

288 4119 445 4176 Plutarchus
464 4124 492 4176 a.
511 4124 572 4178 vro
590 4125 707 4180 smne
736 4128 811 4182 er..
827 4128 918 4199 syr..
965 4129 1045 4199 [cap
1060 4131 1104 4182 ιι.
1131 4112 1235 4187 nubs
1260 4144 1339 4196 prse-

289 4216 359 4261 terea
378 4208 479 4262 Gerob.
499 4209 531 4265 ad
552 4228 608 4265 rem
628 4211 710 4271 Dion.
731 4217 803 4271 Cass.
824 4216 918 4287 fragm.
935 4215 1183 4272 Peiresc.,LXXVl.
1202 4213 1275 4269 Flor.
1292 4213 1337 4277 ΙΙΙ,
