3059 4925
301 452 371 498 XXX
467 449 704 498 rautuuouurtt
732 450 774 495 tu
803 448 971 497 CICERONIS
997 451 1183 501 rauauoxt.

302 611 366 663 anni
386 623 515 680 tempore.
558 609 709 662 Secundum
733 618 822 662 antem
842 609 1016 676 Paradoxon,
1043 612 1115 684 quod
1140 612 1219 668 babet
1243 617 1270 668 in
1290 617 1352 669 cto-

302 700 390 764 dium,
410 697 529 771 quamvis
547 716 602 751 non
621 695 806 761 nominatum,
826 697 957 762 convicia,
984 711 1056 753 certe
1070 711 1144 754 ¹ante
1162 700 1249 754 Clodii
1276 722 1351 755 mor·

301 798 371 852 tem,
389 804 469 858 quam
489 805 518 838 ex
537 781 675 838 Ciceronis
692 783 778 836 verbis
798 803 831 837 ne
849 785 976 857 suspicari
994 787 1103 858 quidem
1126 789 1202 854 licet,
1222 791 1351 861 scriptum

301 884 355 939 est,
375 874 492 926 velante
511 871 616 926 exilium
636 870 789 937 Ciceronis,
814 872 852 925 rel
872 885 931 944 post
961 875 1090 942 reditum,
1117 896 1200 948 quum
1227 878 1249 932 is
1271 879 1350 932 etiam

300 974 357 1015 tum
379 961 502 1014 adversus
519 958 680 1013 Ciceronem
699 959 788 1013 furere
806 973 945 1033 pergeret,
965 965 1037 1033 quod
1055 963 1119 1017 item
1138 966 1255 1036 apertius
1271 966 1351 1019 etiam

301 1050 372 1103 cadit
390 1051 417 1102 in
436 1049 594 1101 Paradoxon
613 1058 756 1120 quartum,
775 1067 830 1118 quo
847 1047 928 1120 plane
944 1049 1093 1121 significat,
1111 1071 1139 1105 se
1157 1064 1216 1123 post
1236 1054 1351 1106 reditum

300 1140 334 1191 ab
353 1136 429 1191 exilio
446 1137 578 1192 scribere:
596 1136 627 1189 iis
645 1148 733 1190 autem
751 1136 835 1189 utitur
854 1136 952 1203 verbis,
980 1157 1049 1210 quae
1076 1151 1211 1192 recentem
1239 1141 1353 1211 prodere

303 1227 426 1279 ridentur
444 1225 581 1292 dolorem,
599 1224 632 1276 de
647 1234 733 1278 morte
752 1224 892 1278 adversarii
912 1235 1009 1278 tacent.
1054 1223 1164 1297 Colligit
1184 1226 1246 1280 inde
1265 1226 1353 1280 Schii-

301 1315 365 1366 tsius
384 1331 414 1366 ea
435 1314 532 1383 scripta
551 1330 606 1365 esse
624 1331 647 1364 a.
664 1312 698 1364 U.
717 1331 739 1365 c.
759 1314 821 1365 stt.
847 1313 875 1365 in
895 1331 976 1383 quem
1001 1313 1124 1368 incidunt
1148 1313 1199 1380 illi,
1225 1315 1253 1367 in
1285 1335 1352 1385 quos

301 1400 447 1466 invehitur,
465 1399 552 1453 Clodii
572 1400 683 1452 furores.
732 1400 864 1468 Quintum
882 1411 971 1453 autem
989 1401 1163 1469 Paradoxon,
1186 1422 1350 1475 quamquam

300 1488 339 1541 rel
360 1488 388 1541 L.
406 1486 548 1540 Lucullum
566 1485 605 1539 rel
627 1486 663 1553 Q.
682 1486 853 1540 Hortensium
882 1499 993 1559 tangere
1020 1488 1124 1542 ridetur
1146 1489 1249 1561 aliquot
1276 1491 1351 1555 locis,

302 1576 447 1650 quominus
464 1586 554 1628 tamen
573 1593 645 1627 anno
663 1578 725 1628 7⁰7.
752 1574 882 1645 scriptum
907 1594 963 1627 esse
982 1586 1121 1646 putemus,
1145 1576 1211 1630 nihil
1235 1577 1353 1649 impedit

300 1662 394 1731 Quum
413 1682 476 1716 vero
493 1662 607 1716 dubitari
623 1681 679 1715 non
698 1661 795 1732 possit,
824 1661 888 1733 quin
908 1662 1066 1718 Paradoxon
1090 1676 1196 1718 sextum
1213 1666 1252 1720 M.
1272 1665 1352 1719 Cras·
1378 1673 1381 1680 '

301 1770 375 1817 sum,
394 1751 500 1804 divitem
518 1751 594 1804 illurn
613 1749 788 1821 perstringat,
814 1750 876 1820 quia
896 1751 979 1804 refert
1005 1751 1061 1805 eius
1078 1751 1194 1819 dictum,
1225 1755 1351 1805 neminem

301 1858 357 1893 esse
374 1839 497 1913 divitem,
525 1838 578 1890 uisi
598 1840 645 1909 qui
670 1840 818 1889 exercitum
836 1838 909 1889 olere
924 1839 1012 1907 possit
1029 1840 1087 1890 suis
1106 1839 1250 1909 fructibus
1264 1842 1350 1909 (conf.

299 1928 333 1980 de
352 1927 410 1979 ott.
429 1927 448 1991 l,
468 1925 522 1993 8.),
542 1944 592 1979 nec
611 1944 673 1978 vero
691 1925 725 1977 de
743 1922 832 1976 Crassi
850 1936 950 1988 morte,
978 1936 1050 1977 trans
1067 1925 1231 1996 Euphratem
1250 1927 1350 1981 bellurn

302 2034 364 2068 cum
383 2013 488 2068 Parthis
504 2012 633 2083 gerentis,
653 2010 698 2062 fiat
715 2010 832 2075 mentio,
858 2029 927 2082 quae
945 2030 1018 2065 mors
1036 2012 1132 2083 obtigit
1149 2033 1173 2066 a.
1191 2017 1258 2080 7⁰⁰,
1287 2016 1350 2068 item

300 2103 365 2156 ittut
385 2103 412 2154 in
430 2118 532 2154 annum
552 2109 611 2170 post
628 2097 743 2151 reditum
763 2098 797 2150 ab
816 2098 893 2152 exilio
911 2099 1086 2153 reiiciendum
1106 2103 1164 2168 en’t,
1182 2101 1221 2154 rel
1232 2103 1259 2155 in
1279 2123 1350 2171 eum,

303 2207 358 2261 quo
376 2187 487 2241 Crassus
510 2204 572 2240 cum
590 2185 722 2257 Pompeio
744 2185 858 2239 alterum
887 2188 998 2258 gerebat
1020 2188 1204 2257 consulatum,
1231 2210 1254 2244 a.
1275 2190 1308 2243 U.
1327 2211 1351 2245 c.

303 2281 363 2332 698.
398 2276 539 2329 Diversum
558 2273 640 2345 igitur
658 2293 712 2327 esse
730 2275 767 2327 ait
785 2286 811 2327 et
830 2273 924 2328 decem
942 2294 1077 2330 annorum
1095 2276 1236 2332 intervallo
1254 2279 1350 2332 distare

301 2376 417 2436 tempus,
437 2382 492 2434 quo
511 2363 607 2433 scripta
626 2361 680 2414 sint
697 2362 861 2430 secundum,
886 2374 1011 2434 quartum
1037 2374 1064 2418 et
1087 2375 1204 2432 sextum,
1235 2367 1350 2420 atrium

301 2453 468 2526 reliquorum
485 2461 512 2506 et
529 2450 665 2504 Prooemii
683 2449 836 2523 scriptione.
871 2450 965 2524 Neque
982 2451 1011 2505 in
1029 2451 1108 2505 aliam
1127 2453 1227 2507 abeunt
1243 2465 1351 2506 senten·

301 2543 365 2595 tiam
385 2540 414 2593 F.
433 2539 587 2592 Handius
604 2539 632 2590 in
652 2538 737 2603 libro,
757 2537 804 2610 qui
823 2538 928 2608 prodiit
940 2559 963 2592 a.
982 2543 1068 2594 18²7:
1086 2539 1179 2595 Erscla.
1198 2560 1223 2594 u.
1235 2540 1351 2594 Gruber.

303 2627 415 2698 Allgem.
433 2624 583 2697 Encyllop.
601 2625 634 2679 T.
652 2623 737 2680 xvtl.
756 2644 783 2695 p.
803 2627 865 2679 stt.
882 2636 908 2679 et
926 2627 965 2679 vir
982 2626 1091 2694 doctus,
1109 2628 1155 2698 qui
1173 2628 1277 2681 curarit
1294 2627 1352 2679 edi·

302 2715 403 2771 tionem
421 2713 648 2766 'l'eubnerianam
1209 2769 1213 2775 ,

374 2803 475 2854 Contra
500 2799 660 2855 Schiitsii
687 2801 847 2855 sententiam
871 2803 974 2873 primus
992 2812 1097 2855 exortus
1119 2812 1159 2856 est
1178 2801 1352 2856 Gernlrar-

304 2889 364 2942 dus
382 2888 487 2954 dicens,
506 2886 676 2955 Ciceronem,
696 2888 717 2941 si
736 2889 857 2943 vixissent
874 2890 901 2957 ii,
923 2909 991 2962 quos
1009 2888 1109 2962 alloqui
1129 2890 1269 2957 rideretur,
1287 2888 1353 2942 Clo·

303 2977 363 3032 dius
380 2989 406 3032 et
424 2978 549 3042 Crassus,
567 2978 669 3030 cautius
688 2975 878 3030 declamitasse:
898 2978 918 3030 si
939 2978 1051 3032 mortuis
1069 2978 1101 3030 iis
1119 2978 1268 3049 scripserit,
1286 2977 1353 3030 nihil

305 3082 380 3136 posse
398 3083 427 3116 ex
446 3064 556 3142 istorum
576 3062 714 3117 bominum
733 3063 912 3135 descriptione
941 3076 967 3119 et
991 3065 1112 3118 simulata
1139 3066 1301 3120 allocutione
1319 3066 1354 3118 ad

303 3151 446 3222 temporis,
475 3170 529 3222 quo
548 3150 696 3221 scripserit,
714 3151 897 3205 definitionem
917 3152 1027 3224 exquiri.
1072 3152 1130 3207 Cur
1149 3154 1237 3219 enirn,
1257 3153 1352 3225 inquit,

303 3241 357 3293 irae
377 3240 404 3293 in
432 3241 509 3305 istos,
538 3240 602 3292 dum
627 3240 757 3305 virerent,
785 3241 981 3307 satisfacturus,
1008 3240 1100 3293 exilem
1130 3240 1199 3295 hanc
1222 3238 1353 3292 Paradoxi

304 3328 532 3401 opportunitatem
565 3328 735 3399 quaesiverit,
768 3328 841 3400 quasi
872 3327 1025 3381 Stoicorum
1054 3328 1162 3379 demum
1191 3325 1354 3397 argumentis

304 3416 425 3471 convinci
444 3426 515 3469 tanta
534 3415 634 3468 scelera
652 3426 774 3486 possent,
800 3427 846 3468 aut
861 3416 967 3485 gravius
985 3415 1071 3466 notari
1089 3414 1160 3484 apud
1179 3412 1353 3485 prudentissi·

303 3522 361 3557 mos
379 3500 417 3573 (ᾗ.
435 3505 476 3568 3.)
506 3502 658 3573 loquendo,
685 3522 766 3575 quam
797 3503 825 3556 in
844 3503 913 3555 loro
933 3500 1035 3566 Clodii,
1066 3510 1092 3554 et
1117 3500 1164 3552 vivi
1194 3510 1220 3553 et
1244 3502 1354 3566 mortui,

304 3591 472 3662 aliorumque
499 3590 639 3643 hominum
664 3589 856 3660 flagitiosorum
885 3588 996 3653 scelera,
1030 3587 1105 3640 nullo
1129 3586 1252 3640 factionis
1280 3598 1352 3642 metu

305 3678 424 3745 territus,
445 3678 631 3749 descripserit?
667 3675 724 3730 Cur
741 3677 828 3729 forma
848 3675 1015 3730 declamandi
1035 3686 1167 3739 uteretur,
1197 3694 1265 3747 quae
1291 3694 1354 3747 per·

306 3765 525 3837 stringendorum
542 3764 732 3818 sceleratorum
752 3764 863 3820 nomina
882 3763 963 3818 taceri
981 3763 1033 3816 sire
1050 3762 1163 3827 iuberet,
1181 3762 1232 3814 sive
1249 3772 1355 3833 patere·

303 3853 368 3907 tur?
404 3852 434 3906 Si
452 3853 545 3906 decem
563 3852 671 3905 demum
689 3852 768 3906 annis
785 3850 837 3906 hoc
855 3862 909 3904 tam
928 3869 1040 3921 parrum
1058 3848 1217 3920 opusculum
1236 3847 1355 3915 absolvit,

305 3940 442 4015 quomodo
460 3939 594 4011 scripserit
611 3938 707 3994 Cicero
735 3939 908 3992 lucubratum
935 3958 991 3991 esse
1009 3939 1063 3990 his
1081 3939 1148 3988 iam
1166 3938 1353 3988 contractiori-

306 4029 354 4083 bus
373 4027 515 4080 noctibus?
551 4027 633 4095 Quod
651 4027 672 4080 si
692 4047 819 4100 quaeras,
845 4047 894 4081 cur
917 4027 949 4079 de
971 4024 1059 4079 Clodii
1082 4025 1223 4095 Crassique
1246 4021 1353 4076 interitu

307 4115 371 4170 nilril
390 4115 502 4169 dixerit?
530 4115 557 4168 id
576 4115 680 4187 ipsum,
701 4117 857 4187 respondet,
887 4134 921 4169 ne
940 4115 1058 4169 decuisse
1083 4112 1206 4185 quidem,
1235 4110 1262 4165 in
1288 4130 1356 4183 quos

306 4220 433 4280 tanquam
451 4206 520 4261 rivos
540 4214 745 4275 praesentesque
763 4204 948 4271 inveheretur,
976 4202 1124 4259 eorundem
1151 4200 1258 4256 interitu
1276 4216 1354 4250 enar-
