3059 4925
281 453 356 529 326
700 477 863 526 excursus
890 479 911 525 1.

351 639 372 694 l.
389 637 633 704 Facciolatus,
657 647 687 691 ut
710 635 783 690 Ald.
802 635 999 700 Manutius,
1022 634 1088 689 nibil
1116 636 1254 703 allerunt,
1283 637 1334 690 nisi

282 727 355 781 locos
371 727 425 783 iam
443 727 476 780 ab
494 725 552 779 aliis
569 723 703 780 laudatos:
722 733 910 796 praeterquam
930 722 1002 795 quod
1022 722 1066 776 ille
1083 727 1168 782 dissic
1180 723 1272 795 lingua
1285 742 1333 776 sua

281 814 367 886 patria
385 814 511 869 reddidit:
541 813 666 866 Persida
683 812 792 878 scuola,
810 822 836 865 et
852 811 881 864 in
900 811 1014 882 utraque
1032 829 1079 863 sua
1099 810 1234 877 editions,
1251 809 1334 863 Pata-

255 892 257 896 ’
282 903 341 957 vina
359 922 383 958 a.
402 906 489 969 ttae,
507 911 534 955 et
551 901 669 965 Veneta,
689 901 769 953 tter.
787 898 868 951 edidit
887 894 1020 967 θιτηκά
1039 898 1131 966 (etiam
1158 899 1186 951 in
1207 899 1332 952 lemmate

282 988 491 1058 annotationis)s
509 987 582 1060 quod
601 987 697 1041 merito
716 987 827 1040 miratus
844 997 883 1041 est
901 985 1085 1040 Gernbardus.

351 1078 387 1134 Ι).
406 1074 665 1149 Wyttenbacb.=
684 1070 811 1143 „deseris
828 1075 938 1147 proprie
955 1073 992 1139 id,
1010 1073 1083 1145 quod
1103 1072 1167 1144 poni
1186 1083 1271 1145 potest
1292 1074 1333 1127 vel

281 1166 404 1238 poniturs
420 1165 493 1219 uude
511 1168 597 1231 θέσις,
616 1183 685 1235 quae
703 1156 836 1217 universas
854 1173 881 1216 et
898 1161 1014 1216 infinitas
1030 1161 1198 1233 quaestiones
1211 1160 1333 1232 comple-

208 1263 211 1269 '
282 1254 369 1308 ctitur.
417 1251 545 1306 Rhetores
562 1252 590 1305 in
608 1250 709 1304 scholis
719 1256 793 1304 θέσιν
811 1261 837 1304 et
858 1244 985 1302 ὑπόθεσιν
1005 1248 1180 1319 distinguunt.
1230 1247 1332 1311 Thesis,

282 1340 419 1410 quaestio,
437 1340 560 1392 universe
576 1349 602 1392 et
620 1340 759 1404 abstracte,
780 1348 808 1392 ut
826 1336 907 1408 vulgo
923 1337 1031 1403 dicitur,
1049 1354 1107 1390 rem
1124 1344 1240 1409 spectat,
1256 1334 1331 1389 nulla

281 1427 384 1481 ratione
402 1425 490 1481 habita
510 1446 703 1499 personarum,
723 1425 790 1491 loci,
810 1425 952 1497 temporis,
976 1444 1000 1478 v.
1021 1443 1045 1478 c.
1068 1442 1127 1494 pax
1144 1422 1329 1492 anteponenda

280 1525 321 1566 est
341 1514 423 1568 bello:
440 1526 467 1568 at
484 1515 647 1584 hypothesis,
666 1533 759 1581 causo,
775 1532 832 1567 rem
850 1523 951 1585 spectat
969 1514 997 1565 in
1015 1512 1137 1584 personis
1156 1511 1242 1577 certia
1261 1521 1331 1563 tem-

282 1601 393 1671 poribus
409 1612 434 1655 et
451 1601 530 1659 locis.
547 1601 566 1654 i.
584 1620 608 1654 e.
628 1612 656 1654 ut
676 1601 755 1673 vulgo
774 1602 866 1668 aiunt,
884 1601 912 1653 in
932 1610 1073 1654 concreto:
1092 1619 1115 1652 v.
1126 1618 1150 1653 c.
1169 1609 1259 1652 utrum
1273 1597 1331 1650 Ro·

282 1688 368 1754 mani,
388 1707 473 1759 quum
491 1687 623 1742 Hannibal
642 1687 802 1760 Saguntum,
820 1688 920 1744 sociam
940 1688 1045 1754 urbem,
1064 1686 1262 1759 expugnaverit,
1280 1704 1329 1757 pa·

281 1793 340 1827 cern
355 1774 427 1828 bello
444 1787 608 1848 anteponere
633 1776 768 1830 debeant?
803 1778 864 1831 Vid.
892 1773 1011 1831 Cic.'de
1029 1774 1186 1829 Inventione
1203 1774 1224 1840 l,
1243 1778 1268 1829 6.
1296 1773 1329 1827 de

281 1861 461 1934 Hermagorae
480 1863 617 1935 disciplina
636 1863 703 1918 haec
719 1863 867 1935 explicansa
892 1865 926 1918 de
943 1864 1021 1917 Orat.
1039 1863 1060 1928 l,
1078 1866 1129 1926 hl;
1148 1862 1180 1926 ll,
1200 1864 1244 1915 ill.
1286 1860 1329 1913 De

280 1951 438 2020 hypothesi,
457 1951 490 2004 de
508 1970 551 2015 re,
570 1952 703 2005 docebant
720 1951 840 2005 rhetores
857 1952 890 2004 de
901 1953 973 2002 thesi
986 1948 1145 2021 philosophi.
1181 1946 1235 2001 Sed
1248 1946 1327 2000 etiam

280 2038 399 2093 rhetores
415 2040 536 2094 solebant
554 2039 638 2093 thesin
657 2039 795 2110 attingere.
836 2032 906 2092 Hini:
923 2036 1113 2108 intelligendus
1130 2046 1169 2088 est
1188 2033 1264 2088 locus
1281 2031 1329 2086 Ci-

281 2128 386 2180 ceronis
404 2126 438 2179 ad
457 2125 590 2193 Quintum
608 2127 717 2179 fratrem
735 2126 780 2194 lll,
799 2130 830 2182 ὃς
861 2127 949 2178 Cicero
975 2136 1042 2177 tuus
1065 2133 1206 2194 nosterque
1225 2140 1328 2173 summo

279 2213 371 2265 studio
389 2222 431 2265 est
448 2215 561 2265 Paeonii
578 2214 623 2266 sui
639 2215 771 2272 rhetoris,
797 2214 923 2278 hominis,
950 2213 1055 2283 opinor,
1083 2211 1162 2263 valde
1184 2208 1329 2263 exercitati

279 2311 307 2351 et
326 2299 393 2353 horsi.
445 2300 499 2351 Sed
514 2309 635 2354 nostrum
661 2301 822 2354 instituendi
849 2319 935 2373 genus
963 2319 1019 2353 esse
1035 2299 1131 2369 paullo
1147 2297 1281 2350 eruditius
1298 2305 1328 2347 et

280 2388 515 2457 θετιιιώτεροι
532 2408 585 2440 non
602 2388 720 2461 ignoras.
765 2387 863 2444 Cicero
886 2400 976 2442 autem
994 2387 1019 2440 b.
1037 2387 1054 2439 Ι.
1073 2384 1246 2455 θετικότιροι
1264 2383 1330 2438 dicit

279 2476 361 2543 illud,
381 2477 454 2548 quod
472 2476 643 2530 universalius
661 2489 687 2532 et
704 2479 790 2550 magis
807 2497 869 2533 cum
897 2475 1062 2550 philosoplu'a
1087 2473 1262 2528 coniunctum
1280 2482 1328 2525 est.

280 2563 352 2634 Ergo
371 2561 465 2618 eierat
481 2565 613 2637 significat
630 2566 733 2621 scholas
756 2565 977 2638 pbilosophorum
1002 2562 1111 2635 proprie
1130 2561 1255 2634 quidem,
1282 2560 1328 2614 sed

278 2652 304 2704 h.
323 2651 340 2702 l.
359 2651 495 2705 rhetorum
513 2652 615 2706 scholas
631 2653 703 2719 illas,
728 2673 797 2726 quae
816 2673 872 2707 non
890 2652 1064 2725 hypotheses,
1091 2649 1136 2704 sed
1156 2648 1328 2721 philosopho·

279 2758 341 2791 rum
359 2739 443 2793 theses
466 2740 622 2794 tractabant.
665 2741 707 2794 De
725 2740 765 2793 his
791 2740 944 2794 luculentus
966 2750 1005 2793 est
1028 2737 1105 2791 locus
1130 2736 1248 2790 Theonis
1272 2734 1328 2789 So-

279 2826 396 2899 phistae,
415 2827 601 2899 elegantissimi
619 2827 789 2900 eloquentiae
807 2828 940 2901 magistri,
958 2827 1165 2898 Progymnasm.
1182 2821 1327 2893 c.2,§.att.

281 2913 317 2986 [5.
329 2919 383 2969 14..
392 2916 435 2970 ed.
452 2913 563 2971 Finclh.
583 2936 610 2988 p.
619 2920 654 2972 23
669 2919 737 2989 sq.]:
755 2920 958 2988 παραδείγματα
976 2917 1025 2984 τῆς
1043 2919 1097 2966 τῶν
1114 2916 1212 2965 θέσεων
1228 2929 1329 2977 γυμνα-

279 3002 337 3063 oloc
356 3006 445 3070 λαβεῖν
462 3005 518 3057 tou
536 3005 609 3075 παρά
625 3025 654 3057 τε
673 3002 884 3075 Ἀριστοτέλους,
903 3008 947 3056 καὶ
965 2998 1147 3072 Θεοφράστου·
1174 2993 1259 3051 nothel
1275 2998 1328 3066 γάρ

279 3094 348 3143 ἔστιν
366 3087 453 3143 utirsir
469 3093 561 3156 flehite
577 3092 675 3145 diores
693 3093 897 3164 inippophueru·
924 3089 978 3162 ἤδη
1000 3093 1030 3143 di
1052 3109 1112 3142 assu
1130 3093 1174 3141 eui
1191 3083 1264 3158 erepti
1279 3085 1329 3156 ,th-

278 3196 368 3249 τορσιν
383 3182 485 3249 εἴρηται
499 3173 594 3232 devrad
611 3177 752 3252 stasilum,
777 3185 822 3234 καὶ
845 3178 881 3250 δι)
909 3184 953 3232 καὶ
965 3167 1026 3231 ’ἕλοι
1049 3174 1122 3243 hiros
1143 3173 1280 3238 νομίζοιντ’
1294 3173 1330 3227 ‹i'e

278 3262 370 3332 σχεδδι
393 3261 459 3319 εἶναι
481 3271 637 3328 θέσεως
660 3271 704 3337 [ad
729 3269 790 3324 bl.
818 3270 870 3324 vid.
887 3279 979 3323 annot.
996 3264 1139 3333 Finclsbii.]
1167 3263 1247 3317 Conl.
1262 3263 1328 3315 Phi·

278 3354 401 3410 lostratus
432 3356 465 3409 de
496 3356 564 3410 Vitis
593 3355 780 3428 Sophistarum
810 3358 839 3410 L.
857 3357 890 3410 ll.
917 3376 940 3411 c.
957 3359 983 3410 l.
1008 3356 1035 3410 et
1067 3358 1126 3425 cap.
1146 3356 1190 3407 2⁹.
1243 3351 1328 3422 lgitur

279 3440 478 3510 Quinctilianus
495 3442 559 3497 loss
576 3441 664 3498 Oratt.
683 3444 716 3512 ll,
734 3449 760 3512 1,
777 3447 808 3499 9:
826 3446 914 3497 theses
932 3453 1008 3497 vocat
1024 3444 1097 3496 locos
1114 3441 1292 3494 communes.“

349 3528 419 3592 lam,
439 3539 469 3583 ut
486 3530 521 3583 ad
539 3541 661 3585 nostrum
679 3531 713 3585 de
730 3531 771 3587 his
788 3531 925 3588 sententiis
943 3532 1072 3585 iudicium
1090 3529 1232 3595 accedam,
1258 3546 1328 3598 pau-

279 3617 316 3669 cis
335 3616 446 3690 defungi
463 3617 533 3672 licet.
569 3619 610 3674 Ac
629 3619 692 3673 milvi
711 3621 821 3693 quidem
840 3619 1044 3692 Wyttenbachii
1068 3617 1206 3688 explicatio
1224 3613 1327 3669 satista-

279 3723 340 3758 cere
358 3704 460 3760 videtur
477 3705 529 3775 ita,
548 3719 579 3761 ut
595 3706 629 3760 ad
647 3711 790 3763 verborum
808 3709 1056 3778 sententiarumque
1076 3705 1242 3759 intellectum
1260 3702 1327 3756 nihil

278 3808 443 3865 magnopere
461 3794 611 3851 desiderare
628 3797 726 3868 possis:
753 3815 917 3869 quamquam
936 3798 1049 3849 obeam
1068 3812 1126 3847 rem
1146 3791 1256 3845 minime
1280 3809 1329 3842 su·

179 3909 182 3915 ·
278 3898 469 3952 pervacaneam
488 3882 549 3935 duxi
568 3902 679 3954 operam
697 3885 725 3938 in
744 3884 859 3939 aliorum
878 3885 1018 3940 conatibus
1035 3880 1182 3937 referendis
1201 3879 1327 3949 positam,

279 3988 396 4042 quorum
415 3968 527 4040 quisque
545 3969 655 4041 aliquid,
675 3973 749 4043 quod
766 3973 801 4027 ad
818 3993 876 4028 rem
894 3974 987 4040 faciat,
1004 3971 1100 4027 attulit.
1136 3968 1232 4036 Quid?
1250 3967 1326 4040 quod

277 4077 329 4113 nec
346 4057 411 4110 mihi
428 4057 463 4109 ita
482 4056 510 4109 in
527 4059 727 4130 Wyttenbaebii
748 4063 910 4133 expositione
926 4059 1149 4132 acquiescendum
1176 4056 1260 4110 visum
1278 4062 1326 4120 est,

277 4155 307 4198 ut
323 4145 388 4198 nibil
407 4143 559 4198 addendum
578 4145 766 4214 existimarem,
795 4150 869 4221 quod
887 4150 920 4202 ad
940 4166 996 4201 rem
1015 4149 1104 4202 facere
1130 4163 1205 4216 posse
1224 4143 1327 4196 videre·

277 4241 327 4284 tur.
364 4234 397 4288 Et
423 4234 539 4304 primum
560 4231 668 4305 quidem
686 4233 755 4288 addo
774 4235 863 4290 locum
881 4236 1019 4291 Ciceronis
1040 4235 1204 4302 inOratore
1230 4234 1326 4307 cil„
