3059 4925
307 447 381 523 232
643 472 815 520 rinnon
842 471 1036 523 erorcoruu.

306 635 351 687 dat
366 629 471 686 ttuhnt.
489 630 523 685 ad
541 627 623 683 Rutil.
640 628 710 701 Lup.
727 629 747 681 l.
765 648 792 702 p.
809 632 861 694 4⁵3
886 640 914 684 et
940 631 973 684 ad
1000 651 1023 683 r.
1049 629 1109 684 ard.
1133 649 1190 687 car.
1216 650 1267 691 suo
1290 632 1358 687 Ptit.

306 721 396 787 Vl,2:
414 719 489 790 Quid
504 717 551 770 ille
563 734 683 788 unquam
703 716 860 769 arbitrio
878 734 941 769 suo
952 715 1067 789 fecit,
1083 736 1185 788 semper
1202 728 1360 781 correctus,

305 828 358 881 quo
375 806 457 860 libido
474 804 584 875 rapuit,
600 822 652 874 quo
671 803 824 871 levites,
843 823 896 876 quo
911 804 1005 874 furor,
1023 823 1077 877 quo
1095 804 1264 858 vinolentia?
1276 805 1341 859 Mr.

377 909 465 947 onnes
482 891 567 957 leves,
592 919 629 933 -
650 890 777 960 cupidos,
803 918 838 930 ·-
861 889 1003 960 improbos]
1052 895 1155 956 „ceree
1179 919 1215 932 -
1236 910 1357 965 ‘quorum

305 980 438 1052 appetitus
462 977 577 1049 imperat
600 976 699 1042 mentm
734 977 844 1046 cupidos
863 970 898 1017 3-
922 996 979 1031 non
1004 988 1108 1033 tanturn
1133 979 1280 1051 pecuniae,
1312 982 1358 1035 sed

305 1068 418 1122 aliarum
443 1081 551 1137 quoque
576 1083 683 1130 rerum;
710 1063 840 1135 improbos
858 1092 894 1103 -
922 1064 1025 1121 virtutis
1050 1076 1183 1137 expertes,
1207 1067 1273 1120 vitiis
1297 1069 1358 1140 qui·

305 1158 465 1225 buerunque
483 1150 630 1223 praeditos,
649 1148 794 1214 ...trever
821 1151 895 1207 Ald.
913 1151 1002 1207 Man.
1042 1152 1224 1220 „Gulielmius
1248 1154 1292 1207 edi
1311 1174 1355 1208 vo·
1443 1208 1446 1212 ,

304 1242 355 1296 luit
373 1260 402 1294 ex
422 1237 535 1293 Mauric.
552 1239 683 1310 improbos
700 1251 734 1291 et
751 1258 842 1293 servos
858 1258 923 1294 esse.
968 1243 1008 1293 Et
1032 1239 1103 1295 enim
1133 1259 1183 1313 pro
1207 1241 1292 1293 etiem
1315 1242 1356 1296 ia·

306 1327 408 1382 miliare
426 1345 481 1381 erse
500 1324 655 1381 Ciceroni.“
691 1326 831 1381 Gruter.

375 1413 566 1487 praeceleres,
584 1414 813 1484 omneseupidos‚
837 1431 925 1466 omnes
945 1441 980 1453 -
999 1415 1141 1485 improbos]
1185 1419 1288 1480 ‚dores
1305 1434 1355 1486 op·

306 1511 446 1571 ponuntur
468 1500 607 1571 gravibus,
646 1501 737 1571 cupidi
766 1500 911 1554 moderatis
933 1511 960 1555 et
990 1502 1214 1574 temperantibus,
1245 1502 1356 1572 improbi

306 1586 398 1660 probis
415 1587 432 1641 i.
449 1606 474 1643 e.
490 1587 572 1642 iustis.
609 1587 695 1658 igitur
712 1589 762 1642 tria
783 1599 912 1643 notantur
931 1589 1066 1644 contraria
1092 1589 1152 1644 vitia
1170 1590 1256 1643 tribus
1274 1588 1356 1642 virtu·

305 1674 389 1740 tibus,
401 1674 582 1745 fortitudini,
599 1676 810 1745 temperantiae,
836 1677 970 1732 iustitiae.
1013 1676 1082 1731 Nam
1096 1676 1262 1746 prudentia,
1287 1696 1355 1747 quae

305 1771 343 1815 est
361 1757 446 1831 prima
467 1760 548 1814 virtus
565 1772 592 1814 et
610 1761 775 1833 reliquarum
793 1763 1017 1830 tundamentum,
1042 1761 1081 1815 nil
1105 1761 1185 1815 habet
1211 1780 1355 1815 commune

305 1866 367 1903 cum
385 1847 523 1919 improbis.
564 1848 637 1901 Talis
656 1851 727 1903 enim
748 1851 911 1921 perspicacia
929 1862 956 1904 et
972 1849 1080 1904 solertia
1105 1848 1134 1901 in
1152 1848 1283 1920 improbis
1300 1868 1355 1901 non

305 1934 402 1990 dicitur
421 1934 576 2006 prudentia,
594 1937 639 1989 sed
659 1939 768 2006 astutia,
786 1939 878 2005 dolus,
898 1938 998 1991 franel*
1020 1933 1057 1988 W
1064 1936 1196 2007 yttenb.
1232 1936 1355 2006 Denique

304 2021 386 2094 Borg.
404 2023 515 2095 explicat
533 2025 669 2091 ‚,rerbo⁴‘,
697 2025 841 2096 laudatque
868 2025 946 2079 huius
970 2023 1067 2077 Parad.
1090 2042 1115 2079 c.
1133 2027 1159 2077 2.
1177 2031 1260 2077 extr:
1290 2021 1357 2093 quid

304 2111 417 2182 denique
434 2129 486 2162 non
496 2109 566 2161 servi
582 2109 700 2161 inertis?
718 2111 911 2177 vemtvms:
929 2110 1062 2176 acerbum,
1080 2109 1231 2180 indignum,
1247 2107 1356 2159 luctuo-

303 2215 363 2248 sum
387 2197 508 2268 denique.
554 2196 597 2250 De
623 2195 738 2252 lectione
763 2198 881 2270 primum
908 2197 1074 2250 monendum
1101 2195 1228 2249 excidisse
1246 2212 1309 2248 casu
1326 2193 1355 2245 in

304 2280 354 2335 Ed.
372 2282 475 2338 Geruli.
493 2284 573 2338 rerba
591 2302 679 2337 omnes
696 2287 807 2355 cupidos
816 2305 826 2346 ,·
858 2286 955 2341 deinde
971 2295 1034 2356 post
1052 2285 1112 2355 quis
1131 2292 1210 2354 neget
1228 2281 1310 2334 inseri
1327 2282 1354 2335 in

274 2374 276 2377 ’
304 2368 390 2424 Codd.
406 2371 485 2426 Drsd.
504 2376 530 2424 1.
547 2375 572 2427 3.
591 2373 670 2426 rerba
688 2374 751 2426 licet
769 2394 860 2447 reges,
883 2393 953 2446 quae
977 2374 1035 2427 sine
1053 2370 1135 2426 dubio
1154 2368 1287 2423 debentur
1306 2368 1355 2421 ali-

303 2460 347 2514 cui
366 2458 511 2531 glossatori.
548 2457 579 2514 lu
592 2458 666 2523 ‚coa
685 2459 744 2516 Cre.
757 2467 850 2535 &pro
869 2481 958 2516 omnes
975 2458 1169 2533 compendium
1188 2468 1226 2511 est
1245 2468 1286 2512 ter
1303 2475 1353 2528 po-

303 2548 399 2614 situm,
419 2547 492 2620 quod
512 2547 600 2619 legere
619 2550 702 2621 possis
719 2553 818 2604 omines
837 2551 878 2604 rel
895 2550 1023 2606 domines.
1058 2548 1131 2601 Turn
1151 2546 1231 2599 Drsd.
1250 2549 1276 2601 3.
1296 2552 1355 2616 post

303 2635 374 2688 leves
392 2635 479 2705 pergit
495 2634 582 2686 licet
601 2655 688 2689 omnes
707 2639 818 2708 cupidos
825 2660 836 2699 ς
861 2638 941 2696 Drsd.
960 2642 986 2692 5.
1016 2634 1105 2689 ornnes*
1129 2634 1241 2705 denique
1265 2649 1354 2684 servos

302 2720 433 2787 improbos
450 2738 524 2780 esse,·
543 2720 668 2776 scribitur
685 2742 776 2779 servos
794 2744 851 2778 esse
870 2725 899 2779 in
910 2725 991 2780 Drsd.
999 2729 1024 2778 2.
1034 2729 1060 2778 4.
1094 2723 1218 2788 Suerin.;
1237 2719 1309 2777 Gud.
1320 2719 1353 2772 Α.

303 2823 390 2858 omnes
407 2823 463 2858 esse
482 2808 605 2877 cupidos,
634 2829 722 2863 omnes
740 2811 853 2885 denique
871 2813 1002 2883 improbos
1019 2831 1077 2865 esse
1100 2829 1199 2866 servor.
1234 2807 1305 2862 Gud.
1322 2807 1354 2859 B.

280 2957 282 2964 .
303 2895 387 2946 ennio
405 2910 465 2965 cup.
484 2898 569 2948 omnir
588 2897 646 2953 den.
662 2898 725 2969 imp.
744 2918 814 2955 serv.
832 2918 898 2957 esse.
933 2900 994 2954 Mr.

373 2981 420 3033 An
437 2982 484 3033 ille
502 2983 569 3035 milri
585 2984 668 3053 liber,
686 2988 731 3039 cni
749 2987 845 3040 mulier
863 2986 1013 3058 imperotl]
1045 2986 1133 3054 „Tam
1152 2984 1266 3056 turpiter
1281 2981 1354 3036 enim

303 3067 436 3121 Antonius
460 3067 618 3141 Cleopatrae
641 3075 758 3141 servivit,
790 3094 871 3148 quam
896 3075 1024 3129 Hercules
1051 3072 1211 3144 Omphalae.
1259 3068 1355 3123 usarii

302 3154 453 3209 huiusmodi
472 3156 598 3212 dicuntur
615 3161 731 3229 Latinis,
757 3164 869 3219 Graecis
885 3162 1169 3234 γυναικοκρατούμενοι.
1205 3158 1240 3211 Et
1257 3176 1354 3228 quant-

302 3260 383 3313 quam
402 3241 499 3297 Cicero
524 3264 633 3301 caecum
658 3250 686 3303 in
711 3250 883 3323 Cleopatram
907 3271 1028 3307 amorem
1057 3250 1145 3304 ridere
1173 3268 1229 3302 uon
1258 3246 1353 3317 potuit,

302 3330 425 3401 praebuit
443 3337 530 3386 tamen
550 3346 628 3390 antea
645 3339 781 3409 specimen
794 3341 822 3392 iu
831 3340 924 3395 Fulvia
939 3340 1064 3410 coniuge,
1084 3355 1153 3408 quae
1165 3334 1262 3392 Clodio
1281 3334 1354 3403 prius

301 3429 384 3489 nupta
404 3420 503 3474 iuerats
522 3441 605 3491 quae,
625 3436 654 3478 ut
672 3436 728 3478 erat
746 3427 905 3498 imperiosa,
924 3428 959 3481 ita
978 3446 1040 3480 eum
1065 3423 1192 3488 instituit,
1225 3432 1252 3473 ut
1272 3418 1353 3473 Cleo-

301 3516 392 3577 patrae
409 3507 503 3577 iugum
522 3508 625 3563 facilius
642 3511 712 3568 lerre
730 3515 856 3584 potuerit.
892 3514 946 3568 Sed
965 3514 1023 3567 ride
1034 3509 1237 3568 Plutarchum.“
1257 3506 1278 3559 Χ
1287 3515 1351 3576 yst.

300 3593 410 3648 Betui.
435 3593 476 3665 [in
495 3595 555 3649 Vita
575 3598 695 3668 Antonii,
710 3604 779 3671 ltt.].
822 3602 889 3669 „Sic
913 3603 947 3656 de
960 3600 1079 3655 Hercule
1104 3597 1208 3667 scripsit
1225 3593 1352 3662 Quincti-

301 3678 386 3732 lianus
404 3681 474 3734 libro
494 3684 582 3750 tertio,
600 3687 636 3755 [c.
654 3691 681 3754 ¹t,
701 3692 725 3744 t.
745 3709 773 3760 p.
792 3693 854 3745 att.
870 3690 942 3745 Edit.
960 3687 1065 3760 Spald]
1085 3685 1159 3758 quod
1178 3703 1240 3740 cum
1259 3682 1352 3756 regina
1377 3739 1384 3751 ι

299 3764 398 3835 Lydiae
417 3767 550 3840 Omphale
570 3774 690 3829 vestitum
715 3778 857 3831 mutaverit
875 3789 901 3831 et
928 3778 1058 3848 imperata
1087 3793 1168 3846 pensa
1195 3770 1351 3828 tractaverit.

299 3850 382 3919 Quod
411 3855 525 3926 amplius
547 3860 651 3932 scripsit
679 3863 818 3916 Diodorus
843 3864 950 3919 Siculus
977 3864 1049 3917 libro
1070 3866 1122 3917 V.“
1158 3864 1181 3915 F
1188 3881 1232 3916 rc.
1261 3860 1351 3932 sytv.

299 3940 397 4009 [Locus
423 3954 467 3997 est
485 3944 648 4002 Diodori'i..
665 3950 711 4005 lV.
738 3968 762 4005 c.
781 3956 826 4009 31.
851 3971 877 4024 p.
896 3956 958 4007 tte.
973 3952 1023 4006 Ed.
1040 3950 1213 4020 wesseling]
1260 3949 1350 4015 „niti

298 4041 335 4083 est
360 4030 470 4085 Datirus
495 4031 608 4100 ethicus,
636 4036 683 4107 qui
708 4038 841 4109 significet
868 4038 1091 4106 admirationem,
1117 4038 1181 4091 item
1207 4036 1225 4088 i.
1246 4056 1272 4107 q·
1290 4037 1374 4092 Μεθ’

298 4116 410 4172 iudicio:
431 4116 509 4171 veluti
528 4119 553 4172 h.
572 4122 591 4174 l.
608 4141 643 4175 an
663 4123 740 4179 illum
761 4145 813 4199 ego
832 4126 948 4180 liberum
966 4127 1104 4182 iudicem?
1123 4156 1158 4167 -
1183 4126 1228 4177 cui
1245 4153 1283 4168 ·-
1300 4126 1350 4178 im·

296 4217 385 4271 perat.
425 4204 518 4261 Simile
546 4219 590 4264 eot-
603 4210 753 4281 exemplum
782 4216 811 4269 in
830 4216 981 4286 fragmento
1000 4213 1145 4272 Menandri
1164 4210 1260 4269 comici
1279 4213 1351 4283 apud
