3059 4925
502 483 696 545 rananoxon
720 499 762 545 νι.
790 500 860 550 car.
882 500 918 549 ιι
1159 479 1234 553 289

185 659 262 711 vius
299 660 534 722 ‚,Accasatorum‚
560 674 628 727 quos
646 657 757 709 Crassus
778 659 950 713 subornabat
967 661 1001 716 ad
1019 660 1140 716 homines
1158 661 1234 717 locu-

184 744 266 814 pletes
285 742 473 798 criminandos.
509 744 649 807 Indicam,
667 761 734 812 quos
753 741 865 799 Crassus
883 749 1082 820 corrumpebat,
1102 762 1130 805 ut
1146 763 1234 805 sontes

183 832 360 886 absolverent:
378 832 496 884 fortassis
512 842 539 884 et
557 830 613 901 ipse
633 829 747 900 praedae
765 831 836 886 illius
854 835 994 907 particeps,
1014 848 1043 889 ut
1061 857 1115 891 non
1131 849 1234 891 tanturn

183 939 196 971 a
217 919 375 972 nocentibus
393 918 538 988 pecuniam
557 927 741 988 extorqueret,
768 919 814 971 sed
832 922 866 974 ab
885 924 1083 978 accusatoribus
1109 925 1189 980 etiarn
1208 938 1234 980 et

182 1006 315 1060 iudicibus
333 1004 494 1075 acciperet.“
511 1005 542 1057 Η.
561 1005 668 1058 Wolf.
709 1007 858 1058 Accusati
878 1020 903 1063 et
920 1011 1022 1063 iudices
1040 1012 1234 1068 conveniebant

184 1089 252 1148 clam
271 1092 342 1163 apud
362 1094 503 1158 Cmssum,
530 1104 556 1146 et
573 1094 631 1165 ipso
655 1093 758 1146 arbitro
782 1097 979 1166 transigebatur
1003 1117 1065 1151 cum
1091 1098 1232 1165 iudicibus,

183 1192 212 1234 ut
245 1191 317 1234 certa
352 1180 465 1251 pecunia
497 1191 607 1252 accepta
639 1191 799 1233 accusatum
828 1183 1021 1238 absolverent.“
1053 1186 1232 1257 Wyttenb.

182 1267 260 1332 „Act
280 1270 307 1323 1.
323 1267 351 1320 in
371 1267 517 1322 verr-,132
542 1268 622 1337 Quod
639 1269 768 1321 inventus
787 1280 828 1322 ert
847 1282 969 1335 senator,
993 1274 1057 1344 qui,
1082 1293 1164 1345 quum
1181 1276 1233 1327 iu-

184 1356 244 1405 dex
261 1364 345 1409 esset,
368 1354 504 1406 incudem
523 1354 668 1406 iudicine!
687 1354 797 1407 abrec
818 1360 961 1425 pecuniam
980 1361 1127 1428 acciperet,
1151 1381 1233 1433 quam

181 1438 365 1492 iudicibus
390 1440 535 1507 (drideret,
563 1441 645 1493 etad
670 1454 901 1511 accusatore,
926 1458 958 1497 ur
984 1463 1058 1499 reum
1084 1448 1232 1502 damnarer.

181 1526 260 1580 cont.
278 1528 358 1580 Verr.
374 1525 408 1593 Il,
427 1531 471 1584 61.
489 1529 611 1600 ΡΙιίΙ.Ὺ,
630 1532 678 1584 6.“
716 1529 816 1601 Borg.

250 1625 440 1668 accusatorum
457 1626 541 1687 atque
560 1616 690 1682 iudicum]
727 1615 917 1680 „Consociatio
940 1618 1006 1674 haec
1025 1622 1231 1690 praevaricatic-

180 1720 226 1756 nes
243 1713 269 1755 et
286 1701 452 1772 corruptelas
470 1701 629 1774 significat.“
666 1701 713 1753 Fa
724 1719 770 1756 cc.

250 1800 440 1844 accusatorum
456 1800 541 1861 atque
554 1790 686 1857 iudicum]
721 1788 788 1843 Cod.
807 1788 866 1842 Cra.
886 1794 911 1843 2.
938 1792 1139 1862 acquiratcrum
1158 1797 1230 1865 [sic],

179 1874 277 1928 omisso
296 1885 380 1947 atque
386 1898 396 1937 ,·
424 1888 480 1930 turn
508 1876 580 1930 idem
604 1878 731 1930 sociatos.
780 1876 831 1930 Ox.
849 1876 881 1931 Ε.
908 1898 958 1949 pro
982 1890 1066 1950 atque
1091 1880 1170 1937 habet
1188 1904 1229 1937 ac.

179 1953 385 2020 Lambininnurn
403 1962 469 2020 illud
485 1964 603 2016 indicum
628 1963 728 2034 placuit
752 1964 831 2018 etiam
850 1962 983 2031 Gramen,
1010 1966 1056 2037 qui
1077 1978 1181 2033 tamen,
1201 1985 1247 2025 ut.

179 2051 207 2106 in
226 2050 329 2118 multis,
347 2070 404 2106 nou
423 2051 592 2116 Lambinum,
612 2051 658 2105 sed
679 2050 840 2116 Victoriam,
857 2052 932 2122 sequi
951 2053 1041 2107 soluit.
1077 2053 1131 2107 Sed
1150 2057 1230 2112 etiam

102 2185 109 2203 J
179 2137 215 2192 Ο.
232 2138 270 2192 Μ.
288 2138 388 2193 mutter
403 2138 432 2191 in
452 2137 531 2194 (iuris
549 2138 673 2194 usundis
690 2139 722 2191 ad
744 2137 796 2192 Or.
814 2157 865 2208 pro
882 2138 949 2194 Sest
962 2142 1040 2210 pus.
1057 2160 1149 2194 errore
1163 2162 1230 2197 con·

179 2225 263 2279 tendit
280 2226 314 2278 ab
333 2224 437 2279 Orellio
454 2224 583 2297 praeferri
601 2224 737 2291 iudicum,
763 2244 826 2279 cnm
850 2223 931 2295 longe
956 2225 1074 2280 diversus
1098 2227 1131 2280 sit
1152 2228 1229 2284 locus

178 2308 202 2382 §-
218 2316 263 2367 40.
282 2313 303 2379 [i
310 2313 396 2365 aden
417 2332 477 2366 vero
493 2322 629 2383 quantum
648 2311 729 2364 habet
749 2312 948 2379 nominarunt]
968 2312 1096 2366 Concedo
1114 2313 1229 2369 diversos

179 2418 233 2454 esse
252 2400 339 2456 locos:
365 2400 410 2456 sed
427 2412 501 2456 recte
517 2385 647 2454 iudicasse
674 2410 701 2450 et
726 2416 818 2450 verum
838 2398 931 2451 vidisse
950 2398 1069 2451 existimo
1088 2417 1135 2451 eos
1151 2401 1227 2469 viros,

178 2487 225 2556 qui
246 2487 429 2557 praetulerunt
445 2488 571 2541 iudicum.
616 2485 694 2541 Adde
713 2505 763 2538 nos
787 2486 820 2538 de
839 2485 916 2538 simili
942 2487 1100 2540 confusione
1118 2488 1155 2555 ad*
1171 2488 1228 2543 Cic.

180 2573 213 2629 de
230 2574 298 2645 Rep.
317 2572 363 2640 Vl,
384 2578 410 2628 6.
430 2592 459 2646 p.
475 2577 537 2629 466.
573 2572 634 2626 Mr.

182 2698 191 2709 .,
249 2663 424 2729 coarmatos]
470 2660 535 2727 „Sic
558 2680 652 2717 omnes
679 2661 740 2714 mei.
776 2658 830 2712 Alii
857 2670 1005 2714 consuetos.
1024 2686 1059 2700 ·-
1096 2661 1227 2716 Indicam.
1309 2672 1311 2675 ’

180 2747 226 2802 Sic
241 2767 338 2805 omnes
354 2749 415 2805 mei.
452 2749 576 2801 Indicam
593 2747 666 2801 alii.“
697 2746 771 2800 ΑΜ.
796 2746 884 2800 Man.
925 2747 955 2799 ln
981 2746 1029 2800 Ed.
1057 2748 1126 2803 Ven.
1151 2752 1229 2805 1514.

181 2845 219 2889 est
237 2837 374 2891 iudicium.
417 2837 447 2890 ln
466 2854 556 2910 marg.
572 2834 622 2887 Ed.
648 2836 713 2887 Crat
737 2845 776 2886 est
804 2846 992 2886 consuetas
1017 2853 1126 2905 greges,
1155 2840 1228 2907 quod

177 2914 334 2977 fortassean
353 2922 439 2994 glossa
459 2914 548 2975 inutili
568 2921 705 2991 consertos
724 2919 763 2972 rel
783 2928 917 2971 consertos
935 2931 1024 2973 ortum
1044 2931 1090 2973 est.
1126 2920 1185 2974 Mr.

248 3020 418 3071 accrate-set
433 3009 589 3079 pecuniosos
606 3008 676 3074 reos]
712 3007 812 3073 „Verr.
831 3006 891 3060 Act.
908 3006 928 3059 l.
948 3025 971 3059 c.
991 3009 1016 3057 1.
1061 3009 1227 3060 Insereravr't

177 3097 247 3149 enim
267 3098 322 3150 iam
342 3097 430 3166 opinio
455 3097 606 3165 perniciora
631 3096 711 3164 reip,
737 3092 863 3164 vobisque
884 3093 1050 3162 periculosa,
1080 3112 1149 3164 quae
1175 3115 1228 3148 non

179 3184 256 3238 mdo
271 3188 387 3249 Romae,
415 3185 463 3238 sed
478 3195 507 3236 et
525 3183 601 3252 apud
627 3191 735 3233 exteras
753 3181 877 3233 nationes
901 3181 1017 3232 omnium
1035 3197 1150 3231 serenans
1163 3199 1228 3249 per·

140 3258 142 3263 ¹
178 3271 309 3336 crebuit,
327 3273 371 3327 iris
388 3271 511 3334 iudiciis,
528 3288 598 3342 quae
616 3288 687 3322 nunc
707 3268 773 3335 sint,
790 3267 962 3336 pecuniosum
974 3265 1111 3330 hominem,
1131 3283 1228 3336 quam-

178 3360 219 3412 vis
237 3359 274 3413 sit
293 3377 402 3422 nocens,
420 3359 547 3411 neminem
564 3376 641 3426 posse
659 3356 790 3407 damnari.
826 3352 980 3424 Utrumque
1004 3350 1071 3404 valet
1095 3352 1129 3405 ad
1156 3350 1227 3402 iudi-

178 3463 239 3499 cum
259 3444 449 3514 corruptelam.
493 3445 560 3498 Nam
585 3444 631 3515 qui
649 3444 781 3499 innocens
805 3453 853 3506 est,
881 3441 982 3494 iudices
1005 3459 1060 3493 non
1086 3439 1141 3492 vult
1165 3458 1227 3492 cor-

178 3550 317 3603 rumpere:
337 3533 383 3602 qui
402 3532 563 3603 pecuniosus
582 3550 637 3585 nou
657 3541 711 3596 est,
730 3550 786 3583 non
806 3532 918 3598 potest.“
935 3529 1006 3582 Fra
1024 3526 1114 3598 Sylv.
1152 3525 1227 3581 Con·

178 3620 231 3673 sert
249 3620 327 3679 etiam
348 3619 429 3690 Borg.
449 3618 506 3672 Cic.
526 3619 584 3672 Act.
603 3619 631 3671 in
651 3620 729 3671 Verr.
747 3617 768 3684 l,
788 3621 836 3671 tae
860 3618 984 3669 Passitne
1008 3616 1084 3666 homa
1108 3631 1227 3665 nocen—
1272 3654 1273 3657 ¹

137 3690 141 3695 ⁵
179 3707 337 3759 tissimus
360 3707 733 3776 pecuniosissimusque
755 3701 904 3756 ἀαιιιιιαιὶΡ
941 3700 1022 3755 Anth.
1041 3701 1097 3754 Lat.
1117 3700 1160 3766 lll,
1180 3702 1230 3753 tt.-

179 3810 204 3860 p.
222 3794 287 3847 ⁵13:

250 3881 306 3932 Nec
321 3866 524 3935 iam'divitibus
543 3881 645 3933 tollunt
663 3899 715 3933 suc
733 3879 845 3931 crimina
863 3878 954 3930 nursi:

282 3968 337 4021 Sed
354 3986 421 4040 quos
439 3966 483 4019 lex
502 3967 629 4026 damnat,
646 3966 742 4038 gratia
768 3965 848 4018 solvit
867 3982 955 4033 opum.
991 3961 1050 4013 Mr.
1082 3982 1099 4015 e

247 4053 372 4106 eodsmte
390 4055 511 4122 nudare]
531 4053 598 4109 Cod.
612 4058 702 4110 Crn2.
719 4055 776 4107 vel
792 4052 888 4116 eodem,
907 4049 1019 4103 Drsd.4.
1038 4065 1112 4099 esse
1130 4045 1224 4108 eodem,

109 4133 112 4138 ’
176 4141 319 4203 emissore,
337 4140 608 4210 quodomisitetiam‚
627 4162 689 4198 curn
700 4141 841 4209 hamtuna,
859 4136 1017 4192 Edcalon.
1051 4134 1224 4186 Proauctorc

177 4236 215 4278 est
226 4233 317 4277 actore
325 4226 353 4278 in
371 4224 423 4278 Ed.
432 4245 490 4297 prc.
500 4228 574 4300 Mag.
586 4234 665 4286 1465.
683 4242 708 4284 et
720 4249 774 4282 rar.
788 4230 878 4298 Magn.
888 4226 1006 4296 itemque
1020 4222 1048 4274 in
1058 4216 1125 4272 Cnd.
1134 4214 1185 4268 Ox.
1195 4231 1224 4275 ψ.

952 4312 998 4383 19
