3059 4925
293 468 366 546 272
511 462 523 523 Ϊ
615 492 787 542 rnntnoxi
814 491 1007 541 srorconuu.

289 671 292 675 ’
362 651 675 723 nibiioppetut,rrilsi1]
702 649 814 704 conten
833 651 895 704 Aid.
920 649 995 704 Man.
1016 650 1165 717 {Horatium
1186 650 1248 723 [Ep.
1268 652 1287 717 Ι,
1309 654 1346 720 2]

291 745 341 798 tt:
368 740 447 810 Quod
463 739 533 793 satir
551 748 607 802 eat,
626 739 671 790 cui
688 738 835 809 contingit,
853 737 950 788 nibil
966 736 1120 806 amplius
1138 739 1248 806 oprtet.
1284 736 1344 789 Mr.

363 830 479 881 Animus
497 835 601 895 oportet
626 835 692 877 tuere
714 835 748 875 te
772 825 873 876 iudicet
894 825 1014 891 divitem]
1054 821 1167 893 „inepte
1194 823 1292 894 legitur
1315 843 1344 875 se

290 917 392 968 iudicet
413 915 522 966 divitem
541 913 568 965 in
588 911 714 965 omnibus
732 910 903 963 editionibus.
939 912 1055 963 Animae
1073 911 1179 964 divitiae
1204 922 1266 964 sunt
1290 912 1342 964 rir-

292 1015 367 1069 tuter,
388 1020 443 1055 non
463 999 639 1072 possessiones
656 1009 683 1051 et
700 996 847 1064 facultates,
867 997 901 1051 de
922 998 1020 1069 quibua
1037 996 1080 1051 bic
1098 996 1195 1067 agitur.
1232 997 1345 1069 Optime

291 1090 453 1144 Pitboeanus
471 1097 497 1140 et
515 1086 582 1139 alius
599 1085 674 1139 cuius
693 1096 815 1156 excerpta
835 1105 918 1156 penes
936 1104 979 1138 me
997 1079 1074 1139 su'nt:
1097 1085 1215 1138 Animus
1240 1096 1344 1154 oportet

291 1186 357 1229 tuns
376 1186 409 1227 te
426 1174 528 1227 iudicet
545 1174 664 1225 divitem·
701 1170 730 1224 Si
746 1172 837 1225 animo
851 1171 923 1227 dives
936 1192 973 1238 es,
992 1191 1022 1225 re
1039 1191 1100 1225 vera
1119 1171 1191 1226 dires
1208 1192 1245 1238 es,
1263 1173 1342 1227 etiarn

291 1265 319 1317 in
347 1264 517 1316 fortunarum
544 1260 736 1314 mediocritate.
785 1259 880 1314 Paullo
899 1271 959 1331 post
984 1259 1093 1332 quidem
1121 1258 1198 1313 dicit:
1225 1260 1342 1313 Animus

291 1351 404 1402 bominis
423 1350 508 1406 dives,
527 1367 580 1401 non
597 1365 677 1412 orco,
694 1346 828 1415 appellari
845 1347 933 1408 solet,⁸
958 1349 1004 1400 sod
1022 1346 1074 1400 boc
1091 1357 1145 1401 ests
1162 1347 1184 1400 ia
1201 1347 1283 1401 bomo
1301 1347 1343 1401 di·
1361 1363 1369 1371 ·

291 1456 334 1491 res
351 1438 463 1504 dicitur,
482 1436 558 1489 cuius
575 1434 681 1488 animus
699 1451 762 1485 eum
780 1432 881 1487 iudicat
899 1433 1007 1488 divitem
1025 1453 1096 1501 esse,
1125 1445 1281 1488 contentum
1300 1435 1340 1499 iis,

291 1544 360 1599 quae
379 1522 521 1597 poe'sidet.“
540 1522 720 1577 Graevius.
767 1525 823 1584 „Te
845 1520 951 1574 Graevii
976 1522 1091 1576 Codices
1109 1533 1141 1576 et·
1155 1523 1230 1594 regii.
1273 1523 1341 1576 vut-

290 1612 345 1686 gati
364 1611 492 1665 mendose
515 1629 550 1663 re
573 1611 704 1663 iudicent
729 1608 871 1663 Laidem.
912 1609 1064 1663 Bentieiurr
1092 1609 1210 1663 Animus
1237 1620 1341 1679 oportet

291 1712 358 1753 tuus
376 1709 409 1751 te
427 1699 564 1752 indicet
583 1697 700 1750 divitem.
736 1695 895 1766 Borgercius
908 1708 1001 1751 contra
1014 1695 1172 1750 Graevium:
1190 1696 1266 1764 „Nos
1278 1714 1339 1751 curn

290 1788 357 1844 Ern.
376 1798 402 1842 et
428 1786 555 1841 Scbiitsio
580 1794 689 1840 tuemur
706 1800 742 1836 re.
793 1782 883 1836 Verba
901 1785 1018 1837 Animua
1046 1794 1111 1836 tour
1134 1794 1241 1853 oportet
1255 1778 1288 1835 'ee
1306 1814 1340 1829 .-

290 1888 371 1935 tune,
399 1893 468 1947 qnae
495 1891 556 1925 mor
583 1871 676 1943 paneis
693 1880 855 1942 repetuntur
877 1872 996 1924 Animue
1021 1871 1137 1924 dominic
1154 1900 1188 1912 -
1207 1872 1341 1941 appellari

289 1965 372 2029 solet,
392 1961 531 2017 continent
549 1969 739 2030 argumentum
766 1959 820 2010 sire
845 1957 946 2023 tbesin,
975 1976 1058 2031 quam
1082 1958 1111 2012 in
1138 1958 1189 2012 bac
1214 1959 1339 2013 exercita·
1361 1988 1367 1995 1

221 2069 227 2079 ·
289 2054 362 2106 tione
380 2048 548 2123 probandam
566 2046 615 2100 eibi
633 2044 727 2099 sumsit
742 2055 847 2098 oratore
874 2045 998 2099 Divitias
1025 2064 1105 2099 verua
1134 2065 1188 2099 non
1204 2047 1232 2098 in
1258 2064 1340 2115 pecu·

290 2140 351 2190 nine
370 2135 570 2207 magnitudine,
585 2133 677 2185 redire
694 2131 783 2183 animo
802 2140 926 2184 contento
943 2151 1000 2186 erre
1018 2134 1097 2186 sitas.
1143 2133 1250 2200 Quibus
1270 2135 1341 2205 posi·

290 2226 338 2291 tie,
355 2222 430 2277 utin
448 2221 505 2275 aliis
522 2219 682 2286 paradoxis,
700 2214 779 2290 fingit
795 2219 846 2272 sibi
865 2220 1062 2287 adversarium,
1091 2238 1172 2293 quem
1191 2220 1337 2293 reprehen-

289 2312 341 2376 dat,
358 2311 488 2382 cuiusque
504 2308 627 2362 ariditate
645 2306 776 2379 pecuniae
794 2305 860 2359 iltud
880 2306 991 2362 efficiat:
1011 2308 1064 2361 uiri
1083 2309 1131 2381 qui
1147 2318 1289 2361 conteritur
1302 2310 1340 2361 eit

289 2399 368 2452 rebus
385 2400 458 2465 onir,
485 2414 541 2450 esse
559 2397 667 2448 divitem
694 2394 830 2448 neminem.
871 2393 992 2449 Pertinet
1018 2395 1100 2467 igitur
1124 2415 1153 2466 se
1180 2395 1213 2449 ad
1243 2395 1340 2450 thesin:

289 2486 407 2559 reliquae
424 2485 557 2540 secundae
578 2501 707 2556 personae
724 2481 758 2535 ad
778 2482 968 2537 adversarium.
1007 2485 1094 2552 Vitio,
1121 2497 1213 2540 nostro
1231 2488 1339 2558 quidem

188 2624 190 2627 .
288 2575 431 2640 arbitratu,
450 2591 541 2627 ansam
562 2572 635 2625 dedit
652 2569 801 2640 inscriptio,
820 2588 902 2641 quarn
922 2590 956 2624 ne
976 2571 1039 2625 huic
1056 2572 1194 2627 Paradoxo
1212 2577 1341 2647 appinxe-

289 2663 324 2714 rit
340 2661 434 2713 sairam
458 2659 582 2712 librariue
606 2656 777 2709 vehementer
804 2674 933 2710 veremur.
981 2659 1104 2712 Primum
1134 2661 1206 2712 enim
1231 2662 1260 2714 in
1285 2674 1340 2717 tota

287 2746 466 2819 disputatione
478 2744 551 2798 nulia
568 2742 599 2797 tit
617 2741 719 2796 mentio
734 2742 886 2810 sapientisr
905 2742 1001 2796 deinde
1020 2745 1109 2797 omnir
1126 2746 1211 2799 oratio
1229 2746 1257 2799 in
1276 2767 1340 2801 eum

288 2836 377 2908 potins
395 2833 497 2887 ridetur
514 2830 694 2897 conferenda,
713 2828 760 2902 qui
779 2829 867 2883 omnir
888 2832 1080 2904 temperantiae
1097 2833 1130 2887 sit
1141 2852 1242 2905 expers.
1261 2838 1342 2892 conf.

288 2942 364 2978 mox:
383 2921 430 2993 qui
446 2918 652 2974 innumerabiles
669 2917 835 2989 cupiditates
852 2918 943 2973 taber.
979 2920 1184 2993 inscriptionem
1204 2923 1287 2994 igitur
1302 2927 1341 2979 sic

289 3012 461 3082 retingamur:
479 3003 521 3060 ‘dri
539 3008 616 3068 uiroc
633 3001 647 3057 d
666 2999 808 3075 σώφρων
825 3005 956 3065 πλούσιος.
1002 3006 1117 3062 Animus
1143 3010 1216 3063 enim
1235 3011 1341 3082 cupidi-

289 3110 355 3153 tates
371 3097 491 3163 cohibet,
519 3097 626 3167 suisque
644 3093 725 3146 rebus
742 3102 781 3144 est
798 3103 955 3161 contentus,
976 3095 1038 3166 quia
1058 3091 1204 3151 uindicat
1222 3098 1339 3154 divitem.

288 3185 371 3255 Quod
389 3184 495 3257 egregie
512 3184 537 3237 b.
555 3183 573 3235 l.
597 3181 719 3253 probarit
742 3179 848 3234 Cicero.
894 3181 937 3234 De
967 3185 1145 3251 temperantia
1172 3185 1224 3239 rid.
1245 3185 1340 3240 Tusce.

290 3276 322 3337 V,
341 3277 386 3327 tt.
403 3284 429 3327 et
446 3271 532 3327 Stura.
551 3269 611 3324 Lex.
631 3268 755 3340 Xenopb.
774 3288 798 3322 r.
816 3267 976 3341 σωφροσύνη.
1012 3271 1105 3326 Tbesis
1121 3272 1280 3345 deprompta
1300 3287 1339 3329 est

289 3382 317 3415 en
338 3361 405 3413 Xen·
429 3358 523 3430 Symp.
540 3358 586 3425 w,
605 3361 653 3412 tt:
679 3359 703 3408 oi
726 3355 866 3427 ἄνθρωποι
888 3356 932 3411 oo’u
957 3362 983 3411 tr
1007 3362 1130 3428 τῷσῖκῳ
1156 3357 1202 3412 nir
1226 3364 1339 3415 πλοῦτον
1399 3393 1405 3408 ·

289 3453 333 3501 eni
349 3445 398 3519 τήν
415 3453 503 3502 πενίαν
520 3448 634 3512 ἔχουσιν,
653 3440 711 3495 ἀλλ’
728 3447 754 3496 ἓν
771 3456 833 3501 ταῖς
851 3448 976 3511 ψυχαῖς.“
1011 3445 1072 3501 Mr.

359 3546 387 3587 te
403 3534 515 3601 indicet]
551 3532 614 3600 „tt
630 3550 660 3585 se
678 3532 793 3584 iudicet:
821 3533 895 3606 quod
913 3552 977 3587 sane
1003 3534 1091 3606 aptius
1114 3546 1193 3600 esset,
1220 3534 1269 3588 nini
1295 3554 1338 3588 se-

289 3634 428 3695 queretur,
447 3621 582 3674 bominum
599 3622 937 3690 commemorationes
955 3626 1047 3675 tuae.“
1083 3624 1180 3678 Face.

361 3712 477 3763 Arrimur
495 3718 599 3778 oportet
616 3717 685 3761 turre
701 3716 737 3758 te
753 3707 867 3773 iudicet]
902 3707 1009 3762 flatrent
1027 3719 1055 3762 te
1080 3709 1146 3764 Oss.
1162 3710 1193 3763 E.
1211 3709 1231 3763 1.
1250 3709 1283 3763 Ν.
1301 3709 1337 3762 U.

290 3799 349 3850 Cre.
369 3800 396 3849 t.
413 3800 438 3851 3.
460 3802 486 3849 2.
512 3796 569 3866 (bic
597 3794 748 3867 praeposito
773 3795 888 3860 iudicet)
916 3792 989 3849 Gud.
1007 3796 1041 3849 A.
1066 3787 1181 3853 Dresdd.
1208 3797 1338 3868 quinque,

290 3884 357 3937 Edd.
369 3881 463 3935 Graer.
476 3882 545 3937 Oiir.
563 3885 607 3954 (ut
623 3884 689 3937 dicit
703 3881 822 3948 Gernb.;
840 3893 867 3936 et
883 3893 922 3937 est
938 3883 1050 3938 fortasse
1067 3884 1105 3939 ric
1122 3885 1150 3937 in
1168 3883 1267 3937 Oliveti
1285 3884 1335 3937 Ed.

288 3972 371 4026 Paris.
397 3969 436 4024 rel
464 3970 581 4037 Gener.;
610 3973 639 4025 in
666 3983 756 4026 nostra
785 3971 912 4024 Patavina
939 3982 979 4026 est
1004 3970 1046 4041 as)
1071 3971 1175 4025 Gernb.
1197 3969 1248 4025 Or.
1264 3970 1337 4023 Hnb.

288 4059 420 4114 Oehsner.
448 4057 482 4111 ad
506 4055 577 4112 Oiir.
605 4058 718 4130 Eciogg.
743 4057 802 4111 Cic.
822 4079 848 4130 p.
862 4061 924 4113 311.
948 4058 990 4113 ed.
1004 4062 1030 4114 3.
1055 4061 1101 4131 qui
1126 4058 1218 4112 iaudat
1240 4059 1336 4113 Senec.

289 4147 397 4203 Consol.
417 4148 450 4202 ad
468 4145 651 4212 ttetv.11‚t2
684 4148 804 4200 Animus
820 4158 875 4211 est,
900 4148 947 4218 qui
964 4149 1062 4201 divites
1075 4150 1153 4221 facit
1172 4177 1204 4190 -
1222 4149 1338 4218 pecunia

288 4235 359 4287 nibil
375 4236 413 4287 ad
429 4235 547 4288 animum
561 4235 687 4305 pertinet.
725 4234 851 4287 Ceterum
870 4234 968 4307 iegitur
985 4246 1059 4306 optet
1076 4237 1105 4290 in
1115 4236 1165 4292 Ed.
1175 4237 1338 4298 ventam,
