3059 4925
303 511 429 557 xxxt'ttt
483 503 720 557 ttotnaottnnt
745 507 788 553 ΑΙ)
812 505 988 552 ClCEROMS-
1008 507 1191 557 esntnoxt.

302 689 385 743 qutun
407 680 494 722 tamen
513 667 539 721 id
559 665 591 719 od
609 684 667 718 eam
685 663 863 734 suspicionem
883 663 981 718 (lucere
1000 668 1150 737 etpotuerit
1168 687 1350 740 unumquemss

302 778 355 831 que
373 769 399 811 et
418 754 556 820 debuerit,
581 764 613 806 ut
627 752 684 806 steri
713 744 790 824 pos'se
807 752 980 819 existimaret,
1010 773 1098 826 neque
1116 754 1234 809 Graecas
1262 774 1350 826 neque

301 846 406 900 Latinas
423 841 608 909 inscriptiones
625 861 640 893 a
660 840 792 895 Cicerone
811 859 866 893 esse
884 841 1013 908 adiectas,
1032 842 1077 894 sed
1097 843 1187 895 omnia
1206 862 1247 895 sex
1266 844 1351 895 Para·

300 935 366 986 dosa
385 931 514 985 continuo
532 947 587 982 esse
604 927 724 999 legendo.
761 927 789 979 ld
808 939 880 982 certe
897 936 994 999 inagna
1012 928 1215 1001 inscriptionum
1234 942 1260 985 et
1278 931 1349 984 Lati-

300 1037 396 1074 narum
414 1029 440 1072 et
450 1016 616 1071 Graecarum
632 1016 817 1087 discrepantia,
831 1017 984 1070 Latinarum
1003 1017 1082 1070 etiam
1094 1019 1220 1084 absentia,
1239 1019 1265 1071 in
1277 1019 1348 1072 mul·
1407 1067 1409 1069 ,

301 1110 332 1160 tis
350 1106 429 1160 etiam
449 1104 615 1160 Graecarum
639 1103 775 1158 suadebat.
822 1103 926 1172 Quodsi
951 1104 1140 1159 Grammaticis
1163 1107 1254 1160 deberi
1278 1107 1350 1161 dicas

299 1194 485 1266 inscriptiones
501 1203 642 1264 utrasque,
663 1191 750 1244 verius
775 1191 876 1246 dictum
904 1192 968 1247 erit:
996 1194 1164 1264 Degustobr's
1186 1213 1273 1265 genus
1301 1195 1350 1246 hoc

299 1281 520 1333 exercitationum
537 1296 644 1345 eorum,
664 1277 761 1351 quibes
780 1280 823 1331 uti
840 1280 981 1345 consuevi,
1001 1299 1083 1350 qurrm
1100 1299 1147 1342 eo,
1166 1282 1350 1351 praedirum

300 1380 347 1421 tur
364 1370 393 1420 in
410 1368 508 1421 scholis
527 1363 669 1430 decessi,
696 1367 735 1417 ad
758 1378 881 1420 nostrum
909 1368 958 1419 hoc
977 1370 1125 1419 oratorium
1150 1369 1289 1440 transfero
1306 1368 1350 1418 ‹ti-

299 1455 375 1509 enndi
389 1474 489 1527 genus:
509 1455 526 1507 i.
536 1474 560 1507 e.
580 1446 738 1525 Degustahis
756 1453 808 1507 boc
827 1453 916 1507 libello
934 1454 998 1507 illud
1019 1442 1235 1510 exercitationum
1254 1473 1348 1526 genus,

299 1564 354 1615 quo
372 1543 568 1597 enuntiationes
590 1540 742 1614 generales,
770 1541 918 1595 cuiusmodi
945 1554 1007 1595 sunt
1031 1541 1184 1597 Stoicorum
1204 1538 1350 1612 Παράδοξα

299 1629 408 1699 (tersuri
436 1630 506 1684 enim
536 1650 599 1684 cum
623 1629 756 1682 Turnebo
779 1629 933 1682 Adversarr.
953 1629 1010 1694 XX,
1030 1633 1073 1683 20.
1101 1630 1284 1699 interpreteris
1308 1648 1348 1694 ea,

298 1739 367 1794 quae
384 1720 491 1773 de-toto
510 1718 600 1791 aliquo
619 1737 717 1790 genere
735 1717 913 1783 disserantur,
933 1717 1012 1770 nullis
1030 1718 1239 1788 circumscriptis
1257 1735 1349 1786 perso·

298 1810 355 1875 nis,
376 1807 453 1871 locis,
472 1806 648 1876 temporibus,
681 1825 765 1877 quum
785 1811 871 1863 θέσεις
898 1805 925 1856 in
957 1804 1093 1858 rhetorum
1124 1804 1220 1859 scbolis
1238 1803 1347 1875 proprie

297 1897 349 1951 sint
366 1894 534 1966 quaestiones
551 1893 689 1961 infinitae,
708 1894 846 1964 oppositae
858 1890 1061 1962 hypothesibus,
1081 1890 1097 1942 i.
1106 1911 1129 1943 e.
1148 1891 1347 1961 quaestiouibus

298 1983 448 2050 definitiss)
477 1999 532 2052 quo
550 1977 632 2050 igitur
656 1980 735 2031 etiam
756 1977 975 2047 philosophorum
994 1978 1191 2030 enuntiationes
1213 1978 1350 2046 generales

297 2070 491 2123 transferantur
508 2068 541 2119 ad
560 2065 708 2119 oratorium
734 2064 840 2118 dicendi
866 2083 952 2136 genus
979 2076 1040 2135 apte
1063 2063 1240 2120 includendae
1258 2065 1285 2116 in
1305 2063 1348 2116 lii·

297 2175 386 2209 renses
404 2155 538 2208 orationes
560 2154 631 2206 etin
650 2154 794 2206 senatorias
812 2153 969 2219 sententias,
995 2164 1075 2225 atque
1103 2151 1242 2205 ineruditis
1267 2153 1346 2203 etiam

298 2244 449 2299 bominibus
467 2241 630 2313 probandae.
680 2240 716 2295 At
734 2243 790 2312 ipsa
811 2242 922 2295 thesium
940 2243 1041 2306 forma,
1069 2259 1121 2311 qua
1137 2241 1211 2292 nuda
1231 2240 1278 2296 ista
1298 2257 1347 2305 po·

297 2331 446 2397 nuntor'),
474 2347 524 2400 per
543 2348 616 2383 suam
636 2329 759 2382 naturam
780 2329 888 2401 propria
908 2340 946 2382 est
964 2328 1074 2393 scholis,
1099 2328 1184 2380 aliena
1203 2327 1236 2378 ab
1253 2335 1348 2377 ttrato-

296 2421 339 2474 rio
355 2438 469 2492 genere,
493 2418 526 2471 ad
547 2418 619 2490 quod
638 2414 732 2470 terreri
751 2420 778 2471 in
797 2418 849 2473 boc
864 2418 954 2472 libello
976 2416 1072 2471 Cicero
1091 2416 1221 2489 transfert.
1265 2414 1347 2480 „lom

296 2505 453 2574 „uno‘milti
472 2514 579 2572 tenore,
599 2505 687 2578 inquit
704 2506 948 2578 Mor-gensternius,
974 2506 1032 2577 lege
1051 2516 1136 2558 totum
1155 2503 1294 2558 Ciceronis
1315 2503 1348 2554 li·

296 2594 431 2661 „bellum,
450 2592 534 2647 missis
551 2593 718 2663 singulorum
738 2594 940 2649 Paradoxorum
958 2594 1039 2648 titulis
1058 2605 1084 2647 et
1102 2593 1212 2646 Graecis
1229 2602 1255 2644 et
1272 2591 1344 2642 Lati-

294 2683 363 2750 „nis.
405 2681 510 2735 Senties
529 2683 678 2735 oratorium
696 2681 778 2748 illud,
798 2683 870 2754 quod
888 2681 994 2735 Tullius
1011 2682 1185 2754 sequebatur,
1204 2678 1345 2732 artificium

295 2780 438 2837 „ancturn,
456 2782 609 2839 nexumque
626 2768 799 2838 continuum,
816 2769 927 2841 singulis
943 2768 1061 2822 thesibus
1079 2784 1135 2820 non
1152 2767 1347 2837 interruptum:

294 2876 371 2930 „non
391 2855 477 2909 multo
495 2855 580 2927 magis
597 2866 671 2910 certe
686 2855 863 2922 desiderabis,
888 2875 968 2929 quam
993 2858 1022 2909 in
1049 2874 1181 2923 sermone,
1190 2855 1346 2924 Damasippi

295 2944 386 3018 „apud
405 2937 545 2998 Horatium
556 2943 607 3013 ⁸'),
624 2943 671 2997 ubi
689 2945 775 2997 oratio
794 2946 829 2999 ab
845 2945 898 2998 alio
916 2944 1100 3015 disputationis
1118 2943 1204 3014 capite
1223 2942 1256 2996 ad
1275 2943 1356 2996 aliud.

295 3045 514 3101 „transcurrens‚
534 3030 613 3085 etiarn
633 3032 694 3085 satis
710 3051 789 3103 saepe
806 3042 845 3085 est
862 3032 1003 3103 abmpta.“

368 3122 398 3175 ln
419 3120 554 3191 plerisque
576 3118 643 3171 mihi·
660 3120 769 3191 quidem
795 3140 886 3174 rerum
913 3121 1005 3173 vidisse
1021 3120 1089 3173 risus
1108 3127 1152 3173 est
1167 3118 1206 3171 sir
1224 3118 1345 3172 doctissi-

296 3224 368 3261 musr
392 3209 420 3261 in
447 3206 498 3261 bac
520 3225 584 3259 sero
607 3207 640 3259 de
663 3207 884 3277 inscriptionibus
900 3208 1094 3279 disputatione,
1122 3207 1242 3279 quamvis
1267 3217 1343 3259 acuta

294 3298 338 3351 illa
358 3308 384 3351 et
402 3292 495 3362 docta,
515 3295 542 3348 io
562 3305 645 3349 totam
666 3306 738 3349 certe
756 3296 812 3349 eius
832 3296 989 3350 sententiam
1009 3296 1121 3367 pedibus
1143 3296 1184 3348 ire
1207 3312 1263 3347 non
1282 3311 1345 3363 pos·

295 3403 362 3438 sum.
398 3384 495 3437 Libens
521 3382 620 3437 accedo
639 3383 672 3448 ei,
691 3383 811 3436 Latinam
830 3383 997 3438 Graecorum
1016 3384 1215 3436 Paradosornm
1233 3398 1346 3434 conver·

295 3475 397 3525 sionem
416 3470 514 3525 dicenti
539 3489 593 3523 non
619 3470 700 3522 rideri
725 3490 740 3522 a
766 3469 898 3524 Cicerone
921 3472 1059 3525 adiectam.
1105 3468 1203 3521 Brutos
1230 3478 1300 3519 certe
1320 3477 1345 3518 et

296 3561 451 3632 quicunqne
476 3557 557 3610 bomo
579 3558 717 3611 Romanus
736 3556 855 3612 lecturus
877 3570 934 3613 erat
956 3559 1028 3612 laune
1054 3557 1188 3623 libellum,
1215 3572 1270 3609 non
1300 3555 1343 3607 tali

295 3648 389 3717 egebat
407 3645 512 3698 auxilio.
549 3644 610 3702 Non
630 3645 709 3699 fuisse
727 3646 828 3699 additas
846 3667 861 3700 a
878 3646 1010 3701 Cicerone
1025 3644 1212 3715 inscriptiones
1229 3643 1345 3708 Latinas,

296 3752 380 3805 quum
399 3752 429 3784 es
454 3752 545 3785 earum
571 3733 687 3786 absentia
714 3734 753 3786 sel
783 3733 939 3801 omissione,
966 3746 1020 3790 tum
1047 3754 1076 3786 ex
1104 3750 1195 3786 earum
1221 3732 1344 3784 varietate

295 3831 368 3874 recte
391 3819 543 3890 suspiceris:
572 3819 685 3872 eandem
713 3840 775 3875 sero
802 3822 980 3893 suspicionem
1007 3840 1063 3875 non
1088 3819 1197 3891 probari
1222 3819 1342 3889 possein

295 3907 423 3974 Graecis,
442 3918 470 3959 ut
482 3906 568 3973 dicas,
595 3906 714 3961 Graecae
734 3909 806 3979 quod
825 3910 852 3963 in
872 3909 961 3964 multis
979 3909 1054 3963 libris
1069 3909 1165 3962 desunt
1181 3926 1197 3958 a
1211 3904 1343 3958 Cicerone

301 4049 413 4058 »μα-..ψ
423 4048 470 4053 §.⁷
487 4049 508 4054 -

367 4127 391 4197 “)
410 4127 527 4198 Respicit
545 4129 577 4182 ad
597 4132 676 4183 verba
692 4132 789 4184 l‘ararl.
809 4132 852 4197 ΙΙΙ,
872 4137 903 4184 2:
931 4132 1013 4185 Nuda
1031 4130 1087 4182 isto
1105 4127 1129 4180 si
1146 4144 1247 4196 ponas,
1272 4124 1343 4175 indi·

296 4200 368 4253 cari.
386 4200 481 4270 qrsnlin
499 4200 571 4257 sint,
587 4220 640 4252 non
653 4200 743 4272 focile
758 4214 883 4271 possunt.
945 4232 947 4235 ·

355 4269 397 4339 **)
418 4270 542 4343 intelligit
560 4271 650 4327 Horat.
670 4272 756 4327 Serm.
777 4273 807 4338 ll,
827 4276 853 4327 3.
