<?xml version="1.0" encoding="UTF-8"?>
<!DOCTYPE html PUBLIC "-//W3C//DTD XHTML 1.0 Transitional//EN"
    "http://www.w3.org/TR/xhtml1/DTD/xhtml1-transitional.dtd">
<html xmlns="http://www.w3.org/1999/xhtml" xml:lang="en" lang="en">
 <head>
  <title>
</title>
<meta http-equiv="Content-Type" content="text/html;charset=utf-8" />
  <meta name='ocr-system' content='tesseract 3.04.00' />
  <meta name='ocr-capabilities' content='ocr_page ocr_carea ocr_par ocr_line ocrx_word'/>
</head>
<body>
  <div class='ocr_page' id='page_1' title='image "./paradoxa01wyttgoog_0311.png"; bbox 0 0 3059 4925; ppageno 0'>
   <div class='ocr_carea' id='block_1_1' title="bbox 524 463 1283 538">
    <p class='ocr_par' dir='ltr' id='par_1_1' title="bbox 524 463 1283 538">
     <span class='ocr_line' id='line_1_1' title="bbox 524 463 1283 538; baseline 0.011 -8"><span class='ocrx_word' id='word_1_1' title='bbox 524 482 787 531; x_wconf 84' lang='lat' dir='ltr'><em>ruuooxouvr.</em></span> <span class='ocrx_word' id='word_1_2' title='bbox 818 483 887 531; x_wconf 77' lang='lat' dir='ltr'><em>ear.</em></span> <span class='ocrx_word' id='word_1_3' title='bbox 912 486 933 531; x_wconf 80' lang='grc' dir='ltr'><strong>ι.</strong></span> <span class='ocrx_word' id='word_1_4' title='bbox 1180 463 1283 538; x_wconf 78' lang='grc'><em>269’</em></span> 
     </span>
    </p>
   </div>
   <div class='ocr_carea' id='block_1_2' title="bbox 205 634 1257 1152">
    <p class='ocr_par' dir='ltr' id='par_1_2' title="bbox 205 634 1257 1152">
     <span class='ocr_line' id='line_1_2' title="bbox 276 634 1256 712; baseline 0.005 -18"><span class='ocrx_word' id='word_1_5' title='bbox 276 647 352 712; x_wconf 84' lang='lat' dir='ltr'><em>Quae</em></span> <span class='ocrx_word' id='word_1_6' title='bbox 369 650 410 693; x_wconf 90' lang='lat' dir='ltr'><em>est</em></span> <span class='ocrx_word' id='word_1_7' title='bbox 430 634 486 693; x_wconf 81' lang='lat' dir='ltr'><em>isto</em></span> <span class='ocrx_word' id='word_1_8' title='bbox 505 643 550 709; x_wconf 90' lang='lat'><em>-]</em></span> <span class='ocrx_word' id='word_1_9' title='bbox 596 641 660 707; x_wconf 82' lang='lat' dir='ltr'><em>„Est</em></span> <span class='ocrx_word' id='word_1_10' title='bbox 679 641 744 695; x_wconf 83' lang='lat' dir='ltr'><em>baec</em></span> <span class='ocrx_word' id='word_1_11' title='bbox 762 644 942 712; x_wconf 84' lang='lat' dir='ltr'><em>apostrophe,</em></span> <span class='ocrx_word' id='word_1_12' title='bbox 967 642 983 695; x_wconf 87' lang='lat' dir='ltr'><em>i.</em></span> <span class='ocrx_word' id='word_1_13' title='bbox 1004 661 1027 695; x_wconf 87' lang='lat' dir='ltr'><em>e.</em></span> <span class='ocrx_word' id='word_1_14' title='bbox 1053 643 1166 697; x_wconf 89' lang='lat' dir='ltr'><em>intentio</em></span> <span class='ocrx_word' id='word_1_15' title='bbox 1194 665 1256 699; x_wconf 88' lang='lat' dir='ltr'><em>ora-</em></span> 
     </span>
     <span class='ocr_line' id='line_1_3' title="bbox 206 727 1255 800; baseline 0.006 -20"><span class='ocrx_word' id='word_1_16' title='bbox 206 727 284 780; x_wconf 82' lang='lat' dir='ltr'>tionis</span> <span class='ocrx_word' id='word_1_17' title='bbox 302 727 425 781; x_wconf 84' lang='lat' dir='ltr'><em>adrersus</em></span> <span class='ocrx_word' id='word_1_18' title='bbox 444 728 559 799; x_wconf 77' lang='lat' dir='ltr'><strong>aliquem</strong></span> <span class='ocrx_word' id='word_1_19' title='bbox 581 739 710 799; x_wconf 88' lang='lat' dir='ltr'><em>tanquam</em></span> <span class='ocrx_word' id='word_1_20' title='bbox 732 740 907 799; x_wconf 71' lang='lat' dir='ltr'>praesentem.</span> <span class='ocrx_word' id='word_1_21' title='bbox 952 729 1091 800; x_wconf 80' lang='lat' dir='ltr'><em>Significat</em></span> <span class='ocrx_word' id='word_1_22' title='bbox 1110 744 1198 784; x_wconf 87' lang='lat' dir='ltr'><em>autem</em></span> <span class='ocrx_word' id='word_1_23' title='bbox 1227 735 1255 786; x_wconf 88' lang='lat' dir='ltr'><em>iu</em></span> 
     </span>
     <span class='ocr_line' id='line_1_4' title="bbox 206 814 1257 888; baseline 0.004 -20"><span class='ocrx_word' id='word_1_24' title='bbox 206 827 261 868; x_wconf 93' lang='lat' dir='ltr'><em>toto</em></span> <span class='ocrx_word' id='word_1_25' title='bbox 283 814 333 868; x_wconf 87' lang='lat' dir='ltr'><em>boc</em></span> <span class='ocrx_word' id='word_1_26' title='bbox 351 815 446 869; x_wconf 87' lang='lat' dir='ltr'><em>Parad.</em></span> <span class='ocrx_word' id='word_1_27' title='bbox 463 817 500 869; x_wconf 90' lang='grc' dir='ltr'><em>Μ.</em></span> <span class='ocrx_word' id='word_1_28' title='bbox 521 815 645 871; x_wconf 77' lang='lat' dir='ltr'>Crassum</span> <span class='ocrx_word' id='word_1_29' title='bbox 664 817 796 883; x_wconf 86' lang='lat' dir='ltr'><em>Divitem,</em></span> <span class='ocrx_word' id='word_1_30' title='bbox 816 835 892 879; x_wconf 82' lang='lat' dir='ltr'><em>eum,</em></span> <span class='ocrx_word' id='word_1_31' title='bbox 918 817 963 888; x_wconf 87' lang='lat' dir='ltr'><em>qui</em></span> <span class='ocrx_word' id='word_1_32' title='bbox 983 829 1072 887; x_wconf 89' lang='lat' dir='ltr'><em>postea</em></span> <span class='ocrx_word' id='word_1_33' title='bbox 1098 837 1160 872; x_wconf 88' lang='lat' dir='ltr'><em>eum</em></span> <span class='ocrx_word' id='word_1_34' title='bbox 1189 822 1257 872; x_wconf 86' lang='lat' dir='ltr'><em>Cae·</em></span> 
     </span>
     <span class='ocr_line' id='line_1_5' title="bbox 206 905 1255 977; baseline 0.009 -22"><span class='ocrx_word' id='word_1_35' title='bbox 206 924 262 957; x_wconf 87' lang='lat' dir='ltr'><em>sare</em></span> <span class='ocrx_word' id='word_1_36' title='bbox 280 915 307 957; x_wconf 92' lang='lat' dir='ltr'><em>et</em></span> <span class='ocrx_word' id='word_1_37' title='bbox 322 905 452 974; x_wconf 90' lang='lat' dir='ltr'><em>Pompeio</em></span> <span class='ocrx_word' id='word_1_38' title='bbox 478 905 602 975; x_wconf 89' lang='lat' dir='ltr'><em>princeps</em></span> <span class='ocrx_word' id='word_1_39' title='bbox 624 907 662 957; x_wconf 85' lang='lat' dir='ltr'><em>rei</em></span> <span class='ocrx_word' id='word_1_40' title='bbox 687 905 812 975; x_wconf 85' lang='lat' dir='ltr'><em>publicae</em></span> <span class='ocrx_word' id='word_1_41' title='bbox 831 906 891 959; x_wconf 83' lang='lat' dir='ltr'><em>suit:</em></span> <span class='ocrx_word' id='word_1_42' title='bbox 917 906 1034 977; x_wconf 88' lang='lat' dir='ltr'><em>denique</em></span> <span class='ocrx_word' id='word_1_43' title='bbox 1052 926 1115 960; x_wconf 85' lang='lat' dir='ltr'><em>eum</em></span> <span class='ocrx_word' id='word_1_44' title='bbox 1141 911 1255 964; x_wconf 78' lang='lat' dir='ltr'><em>exercitu</em></span> 
     </span>
     <span class='ocr_line' id='line_1_6' title="bbox 206 991 1254 1062; baseline 0.007 -19"><span class='ocrx_word' id='word_1_45' title='bbox 206 991 342 1044; x_wconf 87' lang='lat' dir='ltr'><em>aPartbis</em></span> <span class='ocrx_word' id='word_1_46' title='bbox 359 1011 449 1046; x_wconf 87' lang='lat' dir='ltr'><em>caesus</em></span> <span class='ocrx_word' id='word_1_47' title='bbox 468 994 534 1045; x_wconf 85' lang='lat' dir='ltr'><em>est.“</em></span> <span class='ocrx_word' id='word_1_48' title='bbox 552 993 658 1062; x_wconf 84' lang='lat' dir='ltr'><em>Wytr.</em></span> <span class='ocrx_word' id='word_1_49' title='bbox 706 992 795 1044; x_wconf 88' lang='lat' dir='ltr'><em>Verba</em></span> <span class='ocrx_word' id='word_1_50' title='bbox 814 1002 854 1044; x_wconf 86' lang='lat' dir='ltr'><em>est</em></span> <span class='ocrx_word' id='word_1_51' title='bbox 880 993 936 1045; x_wconf 88' lang='lat' dir='ltr'><em>ista</em></span> <span class='ocrx_word' id='word_1_52' title='bbox 953 994 1049 1048; x_wconf 87' lang='lat' dir='ltr'><em>desunt</em></span> <span class='ocrx_word' id='word_1_53' title='bbox 1067 995 1095 1047; x_wconf 90' lang='lat' dir='ltr'><em>in</em></span> <span class='ocrx_word' id='word_1_54' title='bbox 1120 995 1191 1049; x_wconf 90' lang='lat' dir='ltr'><em>Gud.</em></span> <span class='ocrx_word' id='word_1_55' title='bbox 1210 998 1254 1059; x_wconf 83' lang='grc' dir='ltr'><strong>Β.;</strong></span> 
     </span>
     <span class='ocr_line' id='line_1_7' title="bbox 205 1079 1255 1152; baseline 0.005 -22"><span class='ocrx_word' id='word_1_56' title='bbox 205 1080 236 1133; x_wconf 88' lang='lat' dir='ltr'><em>iis</em></span> <span class='ocrx_word' id='word_1_57' title='bbox 253 1079 359 1132; x_wconf 89' lang='lat' dir='ltr'><em>additur</em></span> <span class='ocrx_word' id='word_1_58' title='bbox 377 1090 434 1130; x_wconf 87' lang='lat' dir='ltr'><em>tam</em></span> <span class='ocrx_word' id='word_1_59' title='bbox 451 1079 479 1132; x_wconf 92' lang='lat' dir='ltr'><em>in</em></span> <span class='ocrx_word' id='word_1_60' title='bbox 498 1079 616 1134; x_wconf 68' lang='lat' dir='ltr'><em>Gudrt.</em></span> <span class='ocrx_word' id='word_1_61' title='bbox 664 1079 696 1133; x_wconf 91' lang='lat' dir='ltr'><em>ln</em></span> <span class='ocrx_word' id='word_1_62' title='bbox 715 1080 795 1133; x_wconf 84' lang='lat' dir='ltr'><em>Drsd.</em></span> <span class='ocrx_word' id='word_1_63' title='bbox 812 1085 840 1134; x_wconf 81' lang='lat'><em>4.</em></span> <span class='ocrx_word' id='word_1_64' title='bbox 865 1091 904 1133; x_wconf 91' lang='lat' dir='ltr'><em>est</em></span> <span class='ocrx_word' id='word_1_65' title='bbox 920 1081 988 1132; x_wconf 86' lang='lat' dir='ltr'><em>enim</em></span> <span class='ocrx_word' id='word_1_66' title='bbox 1007 1099 1057 1152; x_wconf 87' lang='lat' dir='ltr'><em>pro</em></span> <span class='ocrx_word' id='word_1_67' title='bbox 1073 1083 1110 1136; x_wconf 86' lang='lat' dir='ltr'><em>in.</em></span> <span class='ocrx_word' id='word_1_68' title='bbox 1156 1081 1205 1134; x_wconf 82' lang='lat' dir='ltr'><em>Ox.</em></span> <span class='ocrx_word' id='word_1_69' title='bbox 1224 1084 1255 1136; x_wconf 83' lang='lat' dir='ltr'><em>E.</em></span> 
     </span>
    </p>
   </div>
   <div class='ocr_carea' id='block_1_3' title="bbox 96 1166 1255 1243">
    <p class='ocr_par' dir='ltr' id='par_1_3' title="bbox 96 1166 1255 1243">
     <span class='ocr_line' id='line_1_8' title="bbox 96 1166 1255 1243; baseline 0.009 -29"><span class='ocrx_word' id='word_1_70' title='bbox 96 1211 98 1214; x_wconf 78' lang='grc'>,</span> <span class='ocrx_word' id='word_1_71' title='bbox 205 1176 264 1238; x_wconf 88' lang='lat' dir='ltr'><em>post</em></span> <span class='ocrx_word' id='word_1_72' title='bbox 283 1178 334 1217; x_wconf 87' lang='lat' dir='ltr'><em>tua</em></span> <span class='ocrx_word' id='word_1_73' title='bbox 352 1166 430 1220; x_wconf 90' lang='lat' dir='ltr'><em>babet</em></span> <span class='ocrx_word' id='word_1_74' title='bbox 451 1168 562 1238; x_wconf 76' lang='lat' dir='ltr'><em>glossam</em></span> <span class='ocrx_word' id='word_1_75' title='bbox 581 1173 621 1224; x_wconf 88' lang='lat' dir='ltr'><em>M.</em></span> <span class='ocrx_word' id='word_1_76' title='bbox 643 1173 746 1221; x_wconf 82' lang='lat' dir='ltr'><em>Crasse.</em></span> <span class='ocrx_word' id='word_1_77' title='bbox 796 1168 826 1220; x_wconf 90' lang='lat' dir='ltr'><em>ln</em></span> <span class='ocrx_word' id='word_1_78' title='bbox 845 1170 903 1221; x_wconf 82' lang='lat' dir='ltr'><em>Cre.</em></span> <span class='ocrx_word' id='word_1_79' title='bbox 922 1172 947 1220; x_wconf 84' lang='grc' dir='ltr'><em>Ι.</em></span> <span class='ocrx_word' id='word_1_80' title='bbox 976 1179 1013 1221; x_wconf 86' lang='lat' dir='ltr'><em>est</em></span> <span class='ocrx_word' id='word_1_81' title='bbox 1031 1173 1182 1223; x_wconf 86' lang='lat' dir='ltr'><em>assentatio</em></span> <span class='ocrx_word' id='word_1_82' title='bbox 1206 1191 1255 1243; x_wconf 88' lang='lat' dir='ltr'><em>pro</em></span> 
     </span>
    </p>
   </div>
   <div class='ocr_carea' id='block_1_4' title="bbox 141 1254 1255 1413">
    <p class='ocr_par' dir='ltr' id='par_1_4' title="bbox 141 1254 1255 1413">
     <span class='ocr_line' id='line_1_9' title="bbox 141 1254 1255 1329; baseline 0.004 -22"><span class='ocrx_word' id='word_1_83' title='bbox 141 1258 143 1267; x_wconf 66' lang='lat'><strong><em>⁴</em></strong></span> <span class='ocrx_word' id='word_1_84' title='bbox 205 1255 352 1307; x_wconf 88' lang='lat' dir='ltr'><em>ostentatio</em></span> <span class='ocrx_word' id='word_1_85' title='bbox 360 1275 369 1314; x_wconf 89' lang='lat'><em>,·</em></span> <span class='ocrx_word' id='word_1_86' title='bbox 396 1266 452 1307; x_wconf 92' lang='lat' dir='ltr'><em>tum</em></span> <span class='ocrx_word' id='word_1_87' title='bbox 471 1255 498 1307; x_wconf 87' lang='lat' dir='ltr'><em>in</em></span> <span class='ocrx_word' id='word_1_88' title='bbox 517 1255 566 1307; x_wconf 86' lang='lat' dir='ltr'><em>Ed.</em></span> <span class='ocrx_word' id='word_1_89' title='bbox 585 1276 642 1327; x_wconf 88' lang='lat' dir='ltr'><em>pre.</em></span> <span class='ocrx_word' id='word_1_90' title='bbox 661 1259 741 1310; x_wconf 80' lang='lat'><strong>1465.</strong></span> <span class='ocrx_word' id='word_1_91' title='bbox 764 1265 802 1308; x_wconf 88' lang='lat' dir='ltr'><em>est</em></span> <span class='ocrx_word' id='word_1_92' title='bbox 820 1255 895 1307; x_wconf 86' lang='lat' dir='ltr'><em>solus</em></span> <span class='ocrx_word' id='word_1_93' title='bbox 913 1265 997 1306; x_wconf 86' lang='lat' dir='ltr'><em>tune</em></span> <span class='ocrx_word' id='word_1_94' title='bbox 1016 1254 1111 1308; x_wconf 65' lang='lat' dir='ltr'><em>adres?</em></span> <span class='ocrx_word' id='word_1_95' title='bbox 1136 1257 1255 1329; x_wconf 78' lang='lat' dir='ltr'><strong>itemque</strong></span> 
     </span>
     <span class='ocr_line' id='line_1_10' title="bbox 205 1340 799 1413; baseline 0.003 -20"><span class='ocrx_word' id='word_1_96' title='bbox 205 1341 232 1393; x_wconf 90' lang='lat' dir='ltr'><em>in</em></span> <span class='ocrx_word' id='word_1_97' title='bbox 250 1340 318 1394; x_wconf 83' lang='lat' dir='ltr'><em>Edd.</em></span> <span class='ocrx_word' id='word_1_98' title='bbox 338 1341 400 1395; x_wconf 88' lang='lat' dir='ltr'><em>Par.</em></span> <span class='ocrx_word' id='word_1_99' title='bbox 418 1340 498 1396; x_wconf 75' lang='grc'><strong>1667.</strong></span> <span class='ocrx_word' id='word_1_100' title='bbox 518 1345 598 1396; x_wconf 79' lang='grc'><strong>1612.</strong></span> <span class='ocrx_word' id='word_1_101' title='bbox 618 1342 703 1413; x_wconf 79' lang='lat' dir='ltr'><em>Lugd.</em></span> <span class='ocrx_word' id='word_1_102' title='bbox 741 1341 799 1395; x_wconf 64' lang='grc' dir='ltr'><strong>ΜΓ.</strong></span> 
     </span>
    </p>
   </div>
   <div class='ocr_carea' id='block_1_5' title="bbox 202 1446 1255 2375">
    <p class='ocr_par' dir='ltr' id='par_1_5' title="bbox 202 1446 1255 2375">
     <span class='ocr_line' id='line_1_11' title="bbox 273 1446 1255 1521; baseline 0.008 -25"><span class='ocrx_word' id='word_1_103' title='bbox 273 1446 388 1498; x_wconf 89' lang='lat' dir='ltr'><em>insolens</em></span> <span class='ocrx_word' id='word_1_104' title='bbox 411 1448 568 1513; x_wconf 77' lang='lat' dir='ltr'><em>ostentatio]</em></span> <span class='ocrx_word' id='word_1_105' title='bbox 614 1446 751 1510; x_wconf 85' lang='lat' dir='ltr'><em>„Insolens</em></span> <span class='ocrx_word' id='word_1_106' title='bbox 780 1464 835 1497; x_wconf 90' lang='lat' dir='ltr'><em>non</em></span> <span class='ocrx_word' id='word_1_107' title='bbox 865 1457 968 1500; x_wconf 88' lang='lat' dir='ltr'><em>tantum</em></span> <span class='ocrx_word' id='word_1_108' title='bbox 1005 1459 1043 1501; x_wconf 92' lang='lat' dir='ltr'><em>est</em></span> <span class='ocrx_word' id='word_1_109' title='bbox 1070 1451 1201 1521; x_wconf 87' lang='lat' dir='ltr'><em>superbus</em></span> <span class='ocrx_word' id='word_1_110' title='bbox 1230 1461 1255 1504; x_wconf 86' lang='lat' dir='ltr'><em>et</em></span> 
     </span>
     <span class='ocr_line' id='line_1_12' title="bbox 204 1532 1255 1607; baseline 0.007 -22"><span class='ocrx_word' id='word_1_111' title='bbox 204 1532 249 1604; x_wconf 91' lang='lat' dir='ltr'><em>qui</em></span> <span class='ocrx_word' id='word_1_112' title='bbox 274 1532 330 1587; x_wconf 86' lang='lat' dir='ltr'><em>aliis</em></span> <span class='ocrx_word' id='word_1_113' title='bbox 353 1552 402 1605; x_wconf 89' lang='lat' dir='ltr'><em>per</em></span> <span class='ocrx_word' id='word_1_114' title='bbox 426 1533 608 1604; x_wconf 77' lang='lat' dir='ltr'><em>arrogantiam</em></span> <span class='ocrx_word' id='word_1_115' title='bbox 634 1532 755 1599; x_wconf 80' lang='lat' dir='ltr'><em>insultet,</em></span> <span class='ocrx_word' id='word_1_116' title='bbox 781 1532 826 1585; x_wconf 85' lang='lat' dir='ltr'><em>sed</em></span> <span class='ocrx_word' id='word_1_117' title='bbox 852 1534 979 1605; x_wconf 80' lang='lat' dir='ltr'>proprie,</span> <span class='ocrx_word' id='word_1_118' title='bbox 1009 1535 1056 1607; x_wconf 89' lang='lat' dir='ltr'><em>qui</em></span> <span class='ocrx_word' id='word_1_119' title='bbox 1080 1555 1136 1590; x_wconf 91' lang='lat' dir='ltr'><em>non</em></span> <span class='ocrx_word' id='word_1_120' title='bbox 1162 1538 1255 1592; x_wconf 90' lang='lat' dir='ltr'><em>solitus</em></span> 
     </span>
     <span class='ocr_line' id='line_1_13' title="bbox 203 1619 1253 1691; baseline 0.005 -18"><span class='ocrx_word' id='word_1_121' title='bbox 203 1631 241 1673; x_wconf 84' lang='lat' dir='ltr'><em>est</em></span> <span class='ocrx_word' id='word_1_122' title='bbox 259 1620 328 1672; x_wconf 85' lang='lat' dir='ltr'><em>dives</em></span> <span class='ocrx_word' id='word_1_123' title='bbox 346 1639 416 1685; x_wconf 86' lang='lat' dir='ltr'><em>esse,</em></span> <span class='ocrx_word' id='word_1_124' title='bbox 436 1619 481 1691; x_wconf 92' lang='lat' dir='ltr'><em>qui</em></span> <span class='ocrx_word' id='word_1_125' title='bbox 501 1622 623 1673; x_wconf 88' lang='lat' dir='ltr'><em>nondum</em></span> <span class='ocrx_word' id='word_1_126' title='bbox 643 1631 761 1673; x_wconf 87' lang='lat' dir='ltr'><em>assuetus</em></span> <span class='ocrx_word' id='word_1_127' title='bbox 779 1631 817 1673; x_wconf 90' lang='lat' dir='ltr'><em>est</em></span> <span class='ocrx_word' id='word_1_128' title='bbox 835 1620 942 1673; x_wconf 72' lang='lat' dir='ltr'><em>divitiis:</em></span> <span class='ocrx_word' id='word_1_129' title='bbox 969 1621 1073 1676; x_wconf 78' lang='lat' dir='ltr'><strong>Graece</strong></span> <span class='ocrx_word' id='word_1_130' title='bbox 1092 1622 1253 1688; x_wconf 74' lang='grc' dir='ltr'><strong><em>νεόπλουτος,</em></strong></span> 
     </span>
     <span class='ocr_line' id='line_1_14' title="bbox 204 1705 1255 1779; baseline 0.006 -21"><span class='ocrx_word' id='word_1_131' title='bbox 204 1706 310 1778; x_wconf 88' lang='lat' dir='ltr'><em>qualem</em></span> <span class='ocrx_word' id='word_1_132' title='bbox 329 1728 355 1760; x_wconf 90' lang='lat' dir='ltr'><em>se</em></span> <span class='ocrx_word' id='word_1_133' title='bbox 373 1709 482 1779; x_wconf 76' lang='lat' dir='ltr'><em>gerebat</em></span> <span class='ocrx_word' id='word_1_134' title='bbox 500 1705 619 1775; x_wconf 77' lang='lat' dir='ltr'>Crassus,</span> <span class='ocrx_word' id='word_1_135' title='bbox 639 1726 805 1778; x_wconf 85' lang='lat' dir='ltr'><em>quamquam</em></span> <span class='ocrx_word' id='word_1_136' title='bbox 824 1717 881 1760; x_wconf 88' lang='lat' dir='ltr'><em>erat</em></span> <span class='ocrx_word' id='word_1_137' title='bbox 899 1705 1116 1768; x_wconf 74' lang='lat' dir='ltr'><em>naiasiniooroc.</em></span> <span class='ocrx_word' id='word_1_138' title='bbox 1153 1712 1199 1767; x_wconf 87' lang='lat' dir='ltr'><em>Sic</em></span> <span class='ocrx_word' id='word_1_139' title='bbox 1218 1722 1255 1768; x_wconf 89' lang='lat' dir='ltr'><em>est</em></span> 
     </span>
     <span class='ocr_line' id='line_1_15' title="bbox 203 1793 1252 1866; baseline 0.007 -20"><span class='ocrx_word' id='word_1_140' title='bbox 203 1794 273 1865; x_wconf 87' lang='lat' dir='ltr'><em>apud</em></span> <span class='ocrx_word' id='word_1_141' title='bbox 290 1793 345 1848; x_wconf 85' lang='lat' dir='ltr'>Cic.</span> <span class='ocrx_word' id='word_1_142' title='bbox 363 1795 396 1848; x_wconf 90' lang='lat' dir='ltr'><em>de</em></span> <span class='ocrx_word' id='word_1_143' title='bbox 415 1794 463 1849; x_wconf 88' lang='lat' dir='ltr'><em>Or.</em></span> <span class='ocrx_word' id='word_1_144' title='bbox 480 1795 526 1863; x_wconf 95' lang='grc' dir='ltr'>ΙΙΙ,</span> <span class='ocrx_word' id='word_1_145' title='bbox 545 1799 602 1851; x_wconf 82' lang='lat'><strong>84.:</strong></span> <span class='ocrx_word' id='word_1_146' title='bbox 621 1795 670 1847; x_wconf 86' lang='lat' dir='ltr'><em>secl</em></span> <span class='ocrx_word' id='word_1_147' title='bbox 680 1795 774 1866; x_wconf 87' lang='lat' dir='ltr'><em>fnisse</em></span> <span class='ocrx_word' id='word_1_148' title='bbox 791 1794 947 1847; x_wconf 76' lang='lat' dir='ltr'><em>insolentem</em></span> <span class='ocrx_word' id='word_1_149' title='bbox 972 1795 1001 1847; x_wconf 88' lang='lat' dir='ltr'><em>in</em></span> <span class='ocrx_word' id='word_1_150' title='bbox 1017 1798 1141 1865; x_wconf 85' lang='lat' dir='ltr'><em>pecunia.</em></span> <span class='ocrx_word' id='word_1_151' title='bbox 1189 1799 1252 1853; x_wconf 88' lang='lat' dir='ltr'><em>Hor.</em></span> 
     </span>
     <span class='ocr_line' id='line_1_16' title="bbox 203 1879 1255 1955; baseline 0.004 -21"><span class='ocrx_word' id='word_1_152' title='bbox 203 1879 320 1935; x_wconf 88' lang='lat' dir='ltr'><em>Carmm.</em></span> <span class='ocrx_word' id='word_1_153' title='bbox 339 1883 371 1948; x_wconf 90' lang='grc' dir='ltr'><em>ΙΙ,</em></span> <span class='ocrx_word' id='word_1_154' title='bbox 390 1886 415 1947; x_wconf 83' lang='grc'><em>3,</em></span> <span class='ocrx_word' id='word_1_155' title='bbox 434 1886 449 1937; x_wconf 87' lang='grc'><strong>1</strong></span> <span class='ocrx_word' id='word_1_156' title='bbox 470 1904 528 1955; x_wconf 89' lang='lat' dir='ltr'>sqq.</span> <span class='ocrx_word' id='word_1_157' title='bbox 547 1911 581 1923; x_wconf 90' lang='lat'><em>-</em></span> <span class='ocrx_word' id='word_1_158' title='bbox 602 1892 730 1933; x_wconf 87' lang='lat' dir='ltr'><em>memento</em></span> <span class='ocrx_word' id='word_1_159' title='bbox 750 1911 781 1923; x_wconf 90' lang='lat'><em>-·</em></span> <span class='ocrx_word' id='word_1_160' title='bbox 800 1900 907 1933; x_wconf 81' lang='lat' dir='ltr'><em>servare</em></span> <span class='ocrx_word' id='word_1_161' title='bbox 926 1894 1037 1934; x_wconf 85' lang='lat' dir='ltr'><em>mentem</em></span> <span class='ocrx_word' id='word_1_162' title='bbox 1055 1912 1090 1922; x_wconf 93' lang='grc'><strong>-</strong></span> <span class='ocrx_word' id='word_1_163' title='bbox 1108 1884 1143 1936; x_wconf 89' lang='lat' dir='ltr'><em>ab</em></span> <span class='ocrx_word' id='word_1_164' title='bbox 1161 1887 1255 1938; x_wconf 87' lang='lat' dir='ltr'><em>inso-</em></span> 
     </span>
     <span class='ocr_line' id='line_1_17' title="bbox 204 1967 1253 2041; baseline 0.004 -20"><span class='ocrx_word' id='word_1_165' title='bbox 204 1971 293 2022; x_wconf 81' lang='lat' dir='ltr'><em>lenti</em></span> <span class='ocrx_word' id='word_1_166' title='bbox 310 1978 484 2040; x_wconf 77' lang='lat' dir='ltr'><em>temperatam</em></span> <span class='ocrx_word' id='word_1_167' title='bbox 502 1971 637 2024; x_wconf 84' lang='lat' dir='ltr'><em>laetitia.“</em></span> <span class='ocrx_word' id='word_1_168' title='bbox 655 1970 761 2040; x_wconf 83' lang='lat' dir='ltr'><strong>vvyu.</strong></span> <span class='ocrx_word' id='word_1_169' title='bbox 804 1967 933 2021; x_wconf 76' lang='lat' dir='ltr'><em>Similiter</em></span> <span class='ocrx_word' id='word_1_170' title='bbox 958 1969 1163 2025; x_wconf 87' lang='lat' dir='ltr'><em>Doederleinius</em></span> <span class='ocrx_word' id='word_1_171' title='bbox 1187 1973 1253 2041; x_wconf 86' lang='lat' dir='ltr'><em>(La-</em></span> 
     </span>
     <span class='ocr_line' id='line_1_18' title="bbox 203 2044 1252 2129; baseline 0 -19"><span class='ocrx_word' id='word_1_172' title='bbox 203 2058 265 2111; x_wconf 88' lang='lat' dir='ltr'><em>tein.</em></span> <span class='ocrx_word' id='word_1_173' title='bbox 285 2056 388 2129; x_wconf 82' lang='lat' dir='ltr'><em>Syron.</em></span> <span class='ocrx_word' id='word_1_174' title='bbox 408 2078 434 2110; x_wconf 93' lang='lat' dir='ltr'><em>u.</em></span> <span class='ocrx_word' id='word_1_175' title='bbox 453 2056 570 2129; x_wconf 86' lang='lat' dir='ltr'><em>Etymol.</em></span> <span class='ocrx_word' id='word_1_176' title='bbox 588 2057 608 2109; x_wconf 94' lang='grc' dir='ltr'><em>Ι.</em></span> <span class='ocrx_word' id='word_1_177' title='bbox 635 2078 660 2127; x_wconf 89' lang='lat' dir='ltr'><em>p.</em></span> <span class='ocrx_word' id='word_1_178' title='bbox 679 2057 754 2121; x_wconf 87' lang='grc'><strong>177.)</strong></span> <span class='ocrx_word' id='word_1_179' title='bbox 774 2055 828 2107; x_wconf 89' lang='lat' dir='ltr'><em>duo</em></span> <span class='ocrx_word' id='word_1_180' title='bbox 847 2055 974 2109; x_wconf 78' lang='lat' dir='ltr'><em>voeabula</em></span> <span class='ocrx_word' id='word_1_181' title='bbox 986 2044 1083 2110; x_wconf 78' lang='lat' dir='ltr'><em>&#39;statuit</em></span> <span class='ocrx_word' id='word_1_182' title='bbox 1105 2076 1159 2111; x_wconf 88' lang='lat' dir='ltr'><em>esse</em></span> <span class='ocrx_word' id='word_1_183' title='bbox 1184 2053 1252 2119; x_wconf 71' lang='lat' dir='ltr'><em>inei-</em></span> 
     </span>
     <span class='ocr_line' id='line_1_19' title="bbox 202 2142 1251 2216; baseline 0.005 -22"><span class='ocrx_word' id='word_1_184' title='bbox 202 2155 270 2205; x_wconf 70' lang='lat' dir='ltr'><em>sopa</em></span> <span class='ocrx_word' id='word_1_185' title='bbox 290 2145 418 2210; x_wconf 84' lang='lat' dir='ltr'><em>insolens,</em></span> <span class='ocrx_word' id='word_1_186' title='bbox 443 2165 559 2216; x_wconf 89' lang='lat' dir='ltr'><em>quorum</em></span> <span class='ocrx_word' id='word_1_187' title='bbox 578 2144 690 2197; x_wconf 88' lang='lat' dir='ltr'><em>alterum</em></span> <span class='ocrx_word' id='word_1_188' title='bbox 710 2142 743 2195; x_wconf 90' lang='lat' dir='ltr'><em>sit</em></span> <span class='ocrx_word' id='word_1_189' title='bbox 767 2142 955 2196; x_wconf 88' lang='lat' dir='ltr'><em>ducenduma</em></span> <span class='ocrx_word' id='word_1_190' title='bbox 979 2146 1079 2211; x_wconf 82' lang='lat' dir='ltr'><em>sotere,</em></span> <span class='ocrx_word' id='word_1_191' title='bbox 1106 2146 1217 2200; x_wconf 90' lang='lat' dir='ltr'><em>alterum</em></span> <span class='ocrx_word' id='word_1_192' title='bbox 1237 2167 1251 2199; x_wconf 91' lang='lat' dir='ltr'><em>a</em></span> 
     </span>
     <span class='ocr_line' id='line_1_20' title="bbox 203 2228 1250 2304; baseline 0.007 -24"><span class='ocrx_word' id='word_1_193' title='bbox 203 2232 291 2284; x_wconf 81' lang='lat' dir='ltr'><em>salire.</em></span> <span class='ocrx_word' id='word_1_194' title='bbox 325 2231 380 2284; x_wconf 88' lang='lat' dir='ltr'><em>&#39;Sed</em></span> <span class='ocrx_word' id='word_1_195' title='bbox 403 2232 459 2284; x_wconf 86' lang='lat' dir='ltr'><em>vide</em></span> <span class='ocrx_word' id='word_1_196' title='bbox 481 2252 549 2304; x_wconf 89' lang='lat' dir='ltr'><em>quae</em></span> <span class='ocrx_word' id='word_1_197' title='bbox 576 2242 670 2286; x_wconf 88' lang='lat' dir='ltr'><em>contra</em></span> <span class='ocrx_word' id='word_1_198' title='bbox 695 2239 786 2282; x_wconf 90' lang='lat' dir='ltr'><em>monet</em></span> <span class='ocrx_word' id='word_1_199' title='bbox 813 2229 844 2283; x_wconf 88' lang='lat' dir='ltr'><em>L.</em></span> <span class='ocrx_word' id='word_1_200' title='bbox 869 2250 892 2283; x_wconf 82' lang='lat' dir='ltr'><em>v.</em></span> <span class='ocrx_word' id='word_1_201' title='bbox 911 2228 972 2297; x_wconf 87' lang='lat' dir='ltr'><em>lan,</em></span> <span class='ocrx_word' id='word_1_202' title='bbox 999 2233 1027 2283; x_wconf 91' lang='lat' dir='ltr'><em>in</em></span> <span class='ocrx_word' id='word_1_203' title='bbox 1052 2232 1168 2287; x_wconf 84' lang='lat' dir='ltr'><em>Ztsebrll</em></span> <span class='ocrx_word' id='word_1_204' title='bbox 1187 2236 1205 2287; x_wconf 84' lang='lat' dir='ltr'><em>s.</em></span> <span class='ocrx_word' id='word_1_205' title='bbox 1224 2235 1250 2287; x_wconf 90' lang='lat' dir='ltr'><em>d.</em></span> 
     </span>
     <span class='ocr_line' id='line_1_21' title="bbox 203 2306 664 2375; baseline 0.002 -5"><span class='ocrx_word' id='word_1_206' title='bbox 203 2318 312 2374; x_wconf 73' lang='lat' dir='ltr'><em>Alieni.</em></span> <span class='ocrx_word' id='word_1_207' title='bbox 330 2306 411 2373; x_wconf 67' lang='lat' dir='ltr'><em>vus.</em></span> <span class='ocrx_word' id='word_1_208' title='bbox 429 2323 507 2375; x_wconf 81' lang='lat'><strong>1840.</strong></span> <span class='ocrx_word' id='word_1_209' title='bbox 526 2322 569 2375; x_wconf 76' lang='lat' dir='ltr'><em>aa.</em></span> <span class='ocrx_word' id='word_1_210' title='bbox 606 2319 664 2372; x_wconf 75' lang='lat' dir='ltr'><em>mr.</em></span> 
     </span>
    </p>
   </div>
   <div class='ocr_carea' id='block_1_6' title="bbox 199 2428 1251 2867">
    <p class='ocr_par' dir='ltr' id='par_1_6' title="bbox 199 2428 1251 2867">
     <span class='ocr_line' id='line_1_22' title="bbox 270 2428 1244 2513; baseline -0.004 -16"><span class='ocrx_word' id='word_1_211' title='bbox 270 2449 326 2498; x_wconf 88' lang='lat' dir='ltr'><em>Pro</em></span> <span class='ocrx_word' id='word_1_212' title='bbox 343 2445 381 2495; x_wconf 82' lang='lat' dir='ltr'><em>clii</em></span> <span class='ocrx_word' id='word_1_213' title='bbox 398 2444 591 2512; x_wconf 78' lang='lat' dir='ltr'><em>inurrortalesl]</em></span> <span class='ocrx_word' id='word_1_214' title='bbox 619 2443 752 2499; x_wconf 81' lang='lat' dir='ltr'><em>Scribitur</em></span> <span class='ocrx_word' id='word_1_215' title='bbox 773 2442 843 2512; x_wconf 82' lang='lat' dir='ltr'><em>prob</em></span> <span class='ocrx_word' id='word_1_216' title='bbox 862 2442 890 2496; x_wconf 91' lang='lat' dir='ltr'><em>iu</em></span> <span class='ocrx_word' id='word_1_217' title='bbox 913 2441 999 2497; x_wconf 85' lang='lat' dir='ltr'><em>Codd.</em></span> <span class='ocrx_word' id='word_1_218' title='bbox 1016 2428 1083 2498; x_wconf 48' lang='lat' dir='ltr'><em>‘Cra</em></span> <span class='ocrx_word' id='word_1_219' title='bbox 1103 2447 1128 2497; x_wconf 81' lang='lat'><em>2.</em></span> <span class='ocrx_word' id='word_1_220' title='bbox 1155 2444 1244 2513; x_wconf 83' lang='lat' dir='ltr'><em>(procl</em></span> 
     </span>
     <span class='ocr_line' id='line_1_23' title="bbox 201 2530 1251 2604; baseline -0.003 -18"><span class='ocrx_word' id='word_1_221' title='bbox 201 2545 230 2588; x_wconf 94' lang='lat' dir='ltr'><em>ut</em></span> <span class='ocrx_word' id='word_1_222' title='bbox 248 2534 276 2585; x_wconf 90' lang='lat' dir='ltr'><em>in</em></span> <span class='ocrx_word' id='word_1_223' title='bbox 295 2532 398 2604; x_wconf 83' lang='lat' dir='ltr'><em>aliquot</em></span> <span class='ocrx_word' id='word_1_224' title='bbox 415 2532 482 2586; x_wconf 78' lang='lat' dir='ltr'><em>Ede.</em></span> <span class='ocrx_word' id='word_1_225' title='bbox 500 2532 628 2604; x_wconf 87' lang='lat' dir='ltr'><em>scriptum</em></span> <span class='ocrx_word' id='word_1_226' title='bbox 647 2532 699 2600; x_wconf 88' lang='lat' dir='ltr'><em>est)</em></span> <span class='ocrx_word' id='word_1_227' title='bbox 717 2530 796 2585; x_wconf 87' lang='lat' dir='ltr'><em>Drsd.</em></span> <span class='ocrx_word' id='word_1_228' title='bbox 810 2535 835 2584; x_wconf 88' lang='lat'><em>1.</em></span> <span class='ocrx_word' id='word_1_229' title='bbox 855 2536 879 2584; x_wconf 74' lang='lat'><em>2.</em></span> <span class='ocrx_word' id='word_1_230' title='bbox 897 2534 922 2586; x_wconf 75' lang='lat'><em>3.</em></span> <span class='ocrx_word' id='word_1_231' title='bbox 942 2534 967 2585; x_wconf 81' lang='lat'><em>4.</em></span> <span class='ocrx_word' id='word_1_232' title='bbox 994 2542 1019 2584; x_wconf 90' lang='lat' dir='ltr'><em>et</em></span> <span class='ocrx_word' id='word_1_233' title='bbox 1038 2532 1066 2585; x_wconf 89' lang='lat' dir='ltr'><em>in</em></span> <span class='ocrx_word' id='word_1_234' title='bbox 1085 2530 1153 2585; x_wconf 87' lang='lat' dir='ltr'><em>Edd.</em></span> <span class='ocrx_word' id='word_1_235' title='bbox 1179 2531 1251 2584; x_wconf 91' lang='lat' dir='ltr'><em>mul·</em></span> 
     </span>
     <span class='ocr_line' id='line_1_24' title="bbox 199 2618 1249 2692; baseline -0.004 -17"><span class='ocrx_word' id='word_1_236' title='bbox 199 2622 239 2675; x_wconf 87' lang='lat' dir='ltr'><em>tis·</em></span> <span class='ocrx_word' id='word_1_237' title='bbox 274 2621 360 2676; x_wconf 87' lang='lat' dir='ltr'><em>Hodie</em></span> <span class='ocrx_word' id='word_1_238' title='bbox 390 2620 511 2692; x_wconf 81' lang='lat' dir='ltr'><em>plerique</em></span> <span class='ocrx_word' id='word_1_239' title='bbox 535 2621 614 2676; x_wconf 83' lang='lat' dir='ltr'><em>etiarn</em></span> <span class='ocrx_word' id='word_1_240' title='bbox 641 2621 710 2676; x_wconf 87' lang='lat' dir='ltr'><em>banc</em></span> <span class='ocrx_word' id='word_1_241' title='bbox 742 2618 955 2678; x_wconf 81' lang='lat' dir='ltr'><em>interiectionem</em></span> <span class='ocrx_word' id='word_1_242' title='bbox 981 2619 1102 2672; x_wconf 86' lang='lat' dir='ltr'><em>scribunt</em></span> <span class='ocrx_word' id='word_1_243' title='bbox 1127 2638 1191 2689; x_wconf 89' lang='lat' dir='ltr'><em>pro,</em></span> <span class='ocrx_word' id='word_1_244' title='bbox 1221 2641 1249 2672; x_wconf 79' lang='lat' dir='ltr'><em>es</em></span> 
     </span>
     <span class='ocr_line' id='line_1_25' title="bbox 201 2705 1250 2780; baseline -0.003 -21"><span class='ocrx_word' id='word_1_245' title='bbox 201 2719 344 2780; x_wconf 88' lang='lat' dir='ltr'><em>praecepto</em></span> <span class='ocrx_word' id='word_1_246' title='bbox 369 2708 497 2762; x_wconf 82' lang='lat' dir='ltr'><em>Prisciani</em></span> <span class='ocrx_word' id='word_1_247' title='bbox 525 2708 586 2762; x_wconf 87' lang='lat' dir='ltr'><em>lnst.</em></span> <span class='ocrx_word' id='word_1_248' title='bbox 611 2707 733 2761; x_wconf 83' lang='lat' dir='ltr'><em>Gramm.</em></span> <span class='ocrx_word' id='word_1_249' title='bbox 751 2706 784 2773; x_wconf 91' lang='grc' dir='ltr'><em>ΙΙ,</em></span> <span class='ocrx_word' id='word_1_250' title='bbox 803 2712 828 2761; x_wconf 79' lang='lat'><em>2.</em></span> <span class='ocrx_word' id='word_1_251' title='bbox 848 2728 873 2778; x_wconf 84' lang='lat' dir='ltr'><em>p.</em></span> <span class='ocrx_word' id='word_1_252' title='bbox 893 2710 937 2761; x_wconf 82' lang='grc'><strong>66.</strong></span> <span class='ocrx_word' id='word_1_253' title='bbox 963 2706 1012 2761; x_wconf 82' lang='lat' dir='ltr'><em>Ed.</em></span> <span class='ocrx_word' id='word_1_254' title='bbox 1032 2705 1138 2762; x_wconf 78' lang='lat' dir='ltr'><em>Krebl.:</em></span> <span class='ocrx_word' id='word_1_255' title='bbox 1170 2711 1204 2759; x_wconf 88' lang='lat' dir='ltr'><em>In</em></span> <span class='ocrx_word' id='word_1_256' title='bbox 1223 2708 1250 2774; x_wconf 82' lang='lat' dir='ltr'><em>h,</em></span> 
     </span>
     <span class='ocr_line' id='line_1_26' title="bbox 201 2793 1248 2867; baseline 0 -20"><span class='ocrx_word' id='word_1_257' title='bbox 201 2814 269 2867; x_wconf 87' lang='lat' dir='ltr'><em>quae</em></span> <span class='ocrx_word' id='word_1_258' title='bbox 287 2806 328 2847; x_wconf 89' lang='lat' dir='ltr'><em>est</em></span> <span class='ocrx_word' id='word_1_259' title='bbox 346 2804 413 2848; x_wconf 87' lang='lat' dir='ltr'><em>nata</em></span> <span class='ocrx_word' id='word_1_260' title='bbox 430 2796 620 2865; x_wconf 78' lang='lat' dir='ltr'><em>aspirationis,</em></span> <span class='ocrx_word' id='word_1_261' title='bbox 639 2816 692 2848; x_wconf 90' lang='lat' dir='ltr'><em>non</em></span> <span class='ocrx_word' id='word_1_262' title='bbox 706 2805 798 2865; x_wconf 83' lang='lat' dir='ltr'><em>potest</em></span> <span class='ocrx_word' id='word_1_263' title='bbox 816 2795 956 2846; x_wconf 87' lang='lat' dir='ltr'><em>terminari</em></span> <span class='ocrx_word' id='word_1_264' title='bbox 973 2794 1089 2863; x_wconf 80' lang='lat' dir='ltr'><em>syllaba.</em></span> <span class='ocrx_word' id='word_1_265' title='bbox 1126 2793 1179 2847; x_wconf 85' lang='lat' dir='ltr'><em>Sed</em></span> <span class='ocrx_word' id='word_1_266' title='bbox 1199 2796 1248 2849; x_wconf 83' lang='lat' dir='ltr'><em>rid.</em></span> 
     </span>
    </p>
   </div>
   <div class='ocr_carea' id='block_1_7' title="bbox 120 2877 1248 3385">
    <p class='ocr_par' dir='ltr' id='par_1_7' title="bbox 120 2877 1248 3385">
     <span class='ocr_line' id='line_1_27' title="bbox 200 2877 1248 2956; baseline -0.001 -21"><span class='ocrx_word' id='word_1_267' title='bbox 200 2883 381 2938; x_wconf 82' lang='lat' dir='ltr'><em>Foreellinum</em></span> <span class='ocrx_word' id='word_1_268' title='bbox 408 2883 456 2937; x_wconf 87' lang='lat' dir='ltr'><em>Ed.</em></span> <span class='ocrx_word' id='word_1_269' title='bbox 483 2881 574 2938; x_wconf 83' lang='lat' dir='ltr'><em>Germ.</em></span> <span class='ocrx_word' id='word_1_270' title='bbox 599 2883 632 2935; x_wconf 93' lang='lat' dir='ltr'><em>T.</em></span> <span class='ocrx_word' id='word_1_271' title='bbox 657 2881 703 2935; x_wconf 91' lang='grc' dir='ltr'><em>ΙΙΙ.</em></span> <span class='ocrx_word' id='word_1_272' title='bbox 733 2901 758 2952; x_wconf 84' lang='lat' dir='ltr'><em>p·</em></span> <span class='ocrx_word' id='word_1_273' title='bbox 777 2885 839 2936; x_wconf 78' lang='grc'><strong>494.</strong></span> <span class='ocrx_word' id='word_1_274' title='bbox 867 2879 898 2933; x_wconf 88' lang='lat' dir='ltr'><em>C.</em></span> <span class='ocrx_word' id='word_1_275' title='bbox 925 2877 1032 2932; x_wconf 87' lang='lat' dir='ltr'><em>Cellarii</em></span> <span class='ocrx_word' id='word_1_276' title='bbox 1058 2880 1091 2932; x_wconf 87' lang='lat' dir='ltr'><em>de</em></span> <span class='ocrx_word' id='word_1_277' title='bbox 1119 2879 1248 2956; x_wconf 77' lang='lat' dir='ltr'><em>Ortbogr.</em></span> 
     </span>
     <span class='ocr_line' id='line_1_28' title="bbox 200 2965 1247 3041; baseline -0.008 -15"><span class='ocrx_word' id='word_1_278' title='bbox 200 2973 256 3026; x_wconf 81' lang='lat' dir='ltr'><em>Lat.</em></span> <span class='ocrx_word' id='word_1_279' title='bbox 275 2971 372 3024; x_wconf 87' lang='lat' dir='ltr'><em>librum</em></span> <span class='ocrx_word' id='word_1_280' title='bbox 391 2969 423 3024; x_wconf 85' lang='lat' dir='ltr'><em>T.</em></span> <span class='ocrx_word' id='word_1_281' title='bbox 441 2970 461 3021; x_wconf 94' lang='grc' dir='ltr'><em>Ι.</em></span> <span class='ocrx_word' id='word_1_282' title='bbox 480 2990 507 3041; x_wconf 87' lang='lat' dir='ltr'><em>p.</em></span> <span class='ocrx_word' id='word_1_283' title='bbox 526 2973 588 3024; x_wconf 73' lang='lat' dir='ltr'><em>tat.</em></span> <span class='ocrx_word' id='word_1_284' title='bbox 609 2969 645 3025; x_wconf 85' lang='lat' dir='ltr'><em>G.</em></span> <span class='ocrx_word' id='word_1_285' title='bbox 662 2971 693 3023; x_wconf 90' lang='lat' dir='ltr'><em>F.</em></span> <span class='ocrx_word' id='word_1_286' title='bbox 713 2967 872 3022; x_wconf 83' lang='lat' dir='ltr'><em>Grotefend.</em></span> <span class='ocrx_word' id='word_1_287' title='bbox 890 2967 930 3036; x_wconf 90' lang='lat' dir='ltr'><em>(iu</em></span> <span class='ocrx_word' id='word_1_288' title='bbox 950 2965 1072 3019; x_wconf 80' lang='lat' dir='ltr'><em>Graiam.</em></span> <span class='ocrx_word' id='word_1_289' title='bbox 1092 2967 1147 3019; x_wconf 86' lang='lat' dir='ltr'><em>Lat.</em></span> <span class='ocrx_word' id='word_1_290' title='bbox 1160 2966 1247 3035; x_wconf 85' lang='grc' dir='ltr'><strong>Τ.ΙΙ.)</strong></span> 
     </span>
     <span class='ocr_line' id='line_1_29' title="bbox 199 3051 1247 3128; baseline -0.002 -18"><span class='ocrx_word' id='word_1_291' title='bbox 199 3059 255 3112; x_wconf 83' lang='lat' dir='ltr'><em>Lat.</em></span> <span class='ocrx_word' id='word_1_292' title='bbox 280 3056 409 3128; x_wconf 76' lang='lat' dir='ltr'><em>Orthaga.</em></span> <span class='ocrx_word' id='word_1_293' title='bbox 434 3055 458 3127; x_wconf 89' lang='grc'><strong>5</strong></span> <span class='ocrx_word' id='word_1_294' title='bbox 479 3060 540 3111; x_wconf 81' lang='grc'><strong>135.</strong></span> <span class='ocrx_word' id='word_1_295' title='bbox 563 3057 661 3127; x_wconf 83' lang='lat' dir='ltr'><em>Reisig.</em></span> <span class='ocrx_word' id='word_1_296' title='bbox 689 3056 743 3110; x_wconf 85' lang='lat' dir='ltr'><em>Lat.</em></span> <span class='ocrx_word' id='word_1_297' title='bbox 769 3054 940 3125; x_wconf 84' lang='lat' dir='ltr'><em>Spraebwiss.</em></span> <span class='ocrx_word' id='word_1_298' title='bbox 963 3051 988 3125; x_wconf 92' lang='grc'><em>5.</em></span> <span class='ocrx_word' id='word_1_299' title='bbox 1007 3057 1067 3108; x_wconf 89' lang='grc'><strong>161.</strong></span> <span class='ocrx_word' id='word_1_300' title='bbox 1086 3075 1112 3126; x_wconf 84' lang='grc' dir='ltr'><strong>ρ.</strong></span> <span class='ocrx_word' id='word_1_301' title='bbox 1133 3058 1194 3109; x_wconf 79' lang='lat'><em>269.</em></span> <span class='ocrx_word' id='word_1_302' title='bbox 1214 3084 1247 3093; x_wconf 82' lang='lat'><em>—-</em></span> 
     </span>
     <span class='ocr_line' id='line_1_30' title="bbox 200 3138 1248 3214; baseline -0.006 -16"><span class='ocrx_word' id='word_1_303' title='bbox 200 3144 282 3212; x_wconf 88' lang='lat' dir='ltr'><em>Quod</em></span> <span class='ocrx_word' id='word_1_304' title='bbox 301 3146 337 3199; x_wconf 91' lang='lat' dir='ltr'><em>ait</em></span> <span class='ocrx_word' id='word_1_305' title='bbox 353 3143 413 3197; x_wconf 74' lang='lat' dir='ltr'><em>Ale.</em></span> <span class='ocrx_word' id='word_1_306' title='bbox 432 3143 505 3196; x_wconf 86' lang='lat' dir='ltr'><em>Man.</em></span> <span class='ocrx_word' id='word_1_307' title='bbox 525 3155 584 3214; x_wconf 87' lang='lat' dir='ltr'><em>post</em></span> <span class='ocrx_word' id='word_1_308' title='bbox 603 3144 675 3195; x_wconf 83' lang='lat' dir='ltr'><em>dives</em></span> <span class='ocrx_word' id='word_1_309' title='bbox 698 3141 752 3213; x_wconf 84' lang='lat' dir='ltr'><em>legi</em></span> <span class='ocrx_word' id='word_1_310' title='bbox 772 3141 836 3194; x_wconf 86' lang='lat' dir='ltr'><em>alias</em></span> <span class='ocrx_word' id='word_1_311' title='bbox 854 3138 960 3212; x_wconf 80' lang='lat' dir='ltr'><em>quid?</em></span> <span class='ocrx_word' id='word_1_312' title='bbox 981 3159 1031 3209; x_wconf 88' lang='lat' dir='ltr'><em>pro</em></span> <span class='ocrx_word' id='word_1_313' title='bbox 1049 3141 1087 3191; x_wconf 83' lang='lat' dir='ltr'><em>dii</em></span> <span class='ocrx_word' id='word_1_314' title='bbox 1109 3141 1195 3205; x_wconf 81' lang='lat' dir='ltr'><em>imm,</em></span> <span class='ocrx_word' id='word_1_315' title='bbox 1222 3141 1248 3192; x_wconf 88' lang='lat' dir='ltr'><em>id</em></span> 
     </span>
     <span class='ocr_line' id='line_1_31' title="bbox 120 3225 1246 3303; baseline -0.009 -15"><span class='ocrx_word' id='word_1_316' title='bbox 120 3284 124 3288; x_wconf 78' lang='lat'><em>.</em></span> <span class='ocrx_word' id='word_1_317' title='bbox 200 3234 227 3286; x_wconf 88' lang='lat' dir='ltr'><em>iu</em></span> <span class='ocrx_word' id='word_1_318' title='bbox 247 3232 321 3286; x_wconf 87' lang='lat' dir='ltr'><em>nullo</em></span> <span class='ocrx_word' id='word_1_319' title='bbox 340 3251 390 3303; x_wconf 79' lang='lat' dir='ltr'><em>ego</em></span> <span class='ocrx_word' id='word_1_320' title='bbox 408 3230 477 3284; x_wconf 91' lang='lat' dir='ltr'><em>libro</em></span> <span class='ocrx_word' id='word_1_321' title='bbox 494 3232 590 3301; x_wconf 86' lang='lat' dir='ltr'><em>reperi,</em></span> <span class='ocrx_word' id='word_1_322' title='bbox 609 3249 698 3302; x_wconf 86' lang='lat' dir='ltr'><em>neque</em></span> <span class='ocrx_word' id='word_1_323' title='bbox 715 3229 825 3300; x_wconf 82' lang='lat' dir='ltr'><em>scripto,</em></span> <span class='ocrx_word' id='word_1_324' title='bbox 846 3246 933 3298; x_wconf 86' lang='lat' dir='ltr'><em>neque</em></span> <span class='ocrx_word' id='word_1_325' title='bbox 951 3225 1040 3280; x_wconf 58' lang='lat' dir='ltr'><em>editui</em></span> <span class='ocrx_word' id='word_1_326' title='bbox 1066 3227 1140 3280; x_wconf 83' lang='lat' dir='ltr'><em>Esset</em></span> <span class='ocrx_word' id='word_1_327' title='bbox 1158 3239 1246 3280; x_wconf 90' lang='lat' dir='ltr'><em>ortum</em></span> 
     </span>
     <span class='ocr_line' id='line_1_32' title="bbox 200 3313 1245 3385; baseline -0.005 -12"><span class='ocrx_word' id='word_1_328' title='bbox 200 3340 228 3373; x_wconf 79' lang='lat' dir='ltr'><em>ex</em></span> <span class='ocrx_word' id='word_1_329' title='bbox 250 3319 391 3376; x_wconf 85' lang='lat' dir='ltr'><em>oculorum</em></span> <span class='ocrx_word' id='word_1_330' title='bbox 408 3318 577 3372; x_wconf 85' lang='lat' dir='ltr'><em>aberratione</em></span> <span class='ocrx_word' id='word_1_331' title='bbox 594 3318 622 3372; x_wconf 87' lang='lat' dir='ltr'><em>in</em></span> <span class='ocrx_word' id='word_1_332' title='bbox 642 3318 740 3371; x_wconf 82' lang='lat' dir='ltr'><em>lineam</em></span> <span class='ocrx_word' id='word_1_333' title='bbox 759 3315 903 3370; x_wconf 84' lang='lat' dir='ltr'><em>secundam</em></span> <span class='ocrx_word' id='word_1_334' title='bbox 920 3324 980 3385; x_wconf 89' lang='lat' dir='ltr'><em>post</em></span> <span class='ocrx_word' id='word_1_335' title='bbox 997 3313 1075 3380; x_wconf 79' lang='lat' dir='ltr'><em>banc,</em></span> <span class='ocrx_word' id='word_1_336' title='bbox 1094 3325 1152 3384; x_wconf 88' lang='lat' dir='ltr'><em>post</em></span> <span class='ocrx_word' id='word_1_337' title='bbox 1168 3316 1245 3368; x_wconf 80' lang='lat' dir='ltr'><em>verba</em></span> 
     </span>
    </p>
   </div>
   <div class='ocr_carea' id='block_1_8' title="bbox 1246 2400 1249 2407">
    <p class='ocr_par' dir='ltr' id='par_1_8' title="bbox 1246 2400 1249 2407">
     <span class='ocr_line' id='line_1_33' title="bbox 1246 2400 1249 2407; baseline 0 0"><span class='ocrx_word' id='word_1_338' title='bbox 1246 2400 1249 2407; x_wconf 70' lang='lat' dir='ltr'><em>r</em></span> 
     </span>
    </p>
   </div>
   <div class='ocr_carea' id='block_1_9' title="bbox 198 3401 1331 3477">
    <p class='ocr_par' dir='ltr' id='par_1_9' title="bbox 198 3401 1331 3477">
     <span class='ocr_line' id='line_1_34' title="bbox 198 3401 1331 3477; baseline -0.008 -17"><span class='ocrx_word' id='word_1_339' title='bbox 198 3408 304 3462; x_wconf 85' lang='lat' dir='ltr'><em>solusne</em></span> <span class='ocrx_word' id='word_1_340' title='bbox 324 3406 405 3460; x_wconf 82' lang='lat' dir='ltr'><em>dives.</em></span> <span class='ocrx_word' id='word_1_341' title='bbox 441 3404 515 3458; x_wconf 85' lang='lat' dir='ltr'><em>Idem</em></span> <span class='ocrx_word' id='word_1_342' title='bbox 535 3425 611 3458; x_wconf 90' lang='lat' dir='ltr'><em>error</em></span> <span class='ocrx_word' id='word_1_343' title='bbox 629 3405 733 3477; x_wconf 87' lang='lat' dir='ltr'><em>peperit</em></span> <span class='ocrx_word' id='word_1_344' title='bbox 750 3402 919 3458; x_wconf 85' lang='lat' dir='ltr'><em>omissionem</em></span> <span class='ocrx_word' id='word_1_345' title='bbox 939 3401 1082 3474; x_wconf 82' lang='lat' dir='ltr'><em>verborum</em></span> <span class='ocrx_word' id='word_1_346' title='bbox 1100 3406 1154 3453; x_wconf 86' lang='lat' dir='ltr'><em>Pro</em></span> <span class='ocrx_word' id='word_1_347' title='bbox 1164 3402 1246 3452; x_wconf 87' lang='lat' dir='ltr'><em>dii-</em></span> <span class='ocrx_word' id='word_1_348' title='bbox 1329 3429 1331 3432; x_wconf 34' lang='lat' dir='ltr'>v</span> 
     </span>
    </p>
   </div>
   <div class='ocr_carea' id='block_1_10' title="bbox 199 3488 987 3560">
    <p class='ocr_par' dir='ltr' id='par_1_10' title="bbox 199 3488 987 3560">
     <span class='ocr_line' id='line_1_35' title="bbox 199 3488 987 3560; baseline -0.005 -16"><span class='ocrx_word' id='word_1_349' title='bbox 199 3493 305 3544; x_wconf 86' lang='lat' dir='ltr'><em>solusne</em></span> <span class='ocrx_word' id='word_1_350' title='bbox 323 3493 396 3545; x_wconf 83' lang='lat' dir='ltr'><em>dives</em></span> <span class='ocrx_word' id='word_1_351' title='bbox 415 3492 442 3545; x_wconf 87' lang='lat' dir='ltr'><em>iu</em></span> <span class='ocrx_word' id='word_1_352' title='bbox 463 3492 548 3545; x_wconf 86' lang='lat' dir='ltr'><em>codd.</em></span> <span class='ocrx_word' id='word_1_353' title='bbox 566 3490 631 3544; x_wconf 79' lang='lat' dir='ltr'>Oxx.</span> <span class='ocrx_word' id='word_1_354' title='bbox 651 3513 677 3560; x_wconf 79' lang='lat' dir='ltr'><em>p.</em></span> <span class='ocrx_word' id='word_1_355' title='bbox 696 3511 718 3545; x_wconf 90' lang='grc' dir='ltr'><strong>σ.</strong></span> <span class='ocrx_word' id='word_1_356' title='bbox 736 3510 765 3555; x_wconf 82' lang='grc' dir='ltr'><strong>ψ.</strong></span> <span class='ocrx_word' id='word_1_357' title='bbox 789 3489 848 3543; x_wconf 82' lang='lat' dir='ltr'><em>Cre.</em></span> <span class='ocrx_word' id='word_1_358' title='bbox 868 3493 892 3542; x_wconf 95' lang='grc'><strong>1.</strong></span> <span class='ocrx_word' id='word_1_359' title='bbox 928 3488 987 3541; x_wconf 87' lang='lat' dir='ltr'><em>Mr.</em></span> 
     </span>
    </p>
   </div>
   <div class='ocr_carea' id='block_1_11' title="bbox 195 3613 1246 4298">
    <p class='ocr_par' dir='ltr' id='par_1_11' title="bbox 195 3613 1246 4298">
     <span class='ocr_line' id='line_1_36' title="bbox 270 3613 1245 3684; baseline 0.001 -19"><span class='ocrx_word' id='word_1_360' title='bbox 270 3624 326 3666; x_wconf 86' lang='lat' dir='ltr'><em>tam</em></span> <span class='ocrx_word' id='word_1_361' title='bbox 344 3616 461 3668; x_wconf 86' lang='lat' dir='ltr'><em>insolens</em></span> <span class='ocrx_word' id='word_1_362' title='bbox 489 3614 668 3683; x_wconf 72' lang='lat' dir='ltr'><em>ostentatioi]</em></span> <span class='ocrx_word' id='word_1_363' title='bbox 705 3614 833 3681; x_wconf 81' lang='lat' dir='ltr'><em>„Solent‚</em></span> <span class='ocrx_word' id='word_1_364' title='bbox 859 3616 905 3684; x_wconf 88' lang='lat' dir='ltr'><em>qui</em></span> <span class='ocrx_word' id='word_1_365' title='bbox 934 3613 1025 3666; x_wconf 81' lang='lat' dir='ltr'><em>divites</em></span> <span class='ocrx_word' id='word_1_366' title='bbox 1049 3623 1111 3666; x_wconf 81' lang='lat' dir='ltr'><em>sunt</em></span> <span class='ocrx_word' id='word_1_367' title='bbox 1135 3625 1160 3665; x_wconf 92' lang='lat' dir='ltr'><em>et</em></span> <span class='ocrx_word' id='word_1_368' title='bbox 1185 3614 1245 3684; x_wconf 78' lang='lat' dir='ltr'><em>glo-</em></span> 
     </span>
     <span class='ocr_line' id='line_1_37' title="bbox 199 3700 1246 3766; baseline 0.003 -14"><span class='ocrx_word' id='word_1_369' title='bbox 199 3700 273 3766; x_wconf 81' lang='lat' dir='ltr'><em>riosi,</em></span> <span class='ocrx_word' id='word_1_370' title='bbox 298 3702 399 3755; x_wconf 76' lang='lat' dir='ltr'><em>divitias</em></span> <span class='ocrx_word' id='word_1_371' title='bbox 425 3722 485 3755; x_wconf 86' lang='lat' dir='ltr'><em>suas</em></span> <span class='ocrx_word' id='word_1_372' title='bbox 503 3713 642 3757; x_wconf 84' lang='lat' dir='ltr'><em>ostentare.</em></span> <span class='ocrx_word' id='word_1_373' title='bbox 689 3701 867 3755; x_wconf 86' lang='lat' dir='ltr'><em>Memorabile</em></span> <span class='ocrx_word' id='word_1_374' title='bbox 890 3713 929 3755; x_wconf 85' lang='lat' dir='ltr'><em>est</em></span> <span class='ocrx_word' id='word_1_375' title='bbox 954 3700 1019 3754; x_wconf 93' lang='lat' dir='ltr'><em>illud</em></span> <span class='ocrx_word' id='word_1_376' title='bbox 1050 3701 1150 3754; x_wconf 86' lang='lat' dir='ltr'><em>Valerii</em></span> <span class='ocrx_word' id='word_1_377' title='bbox 1176 3702 1246 3755; x_wconf 82' lang='lat' dir='ltr'><em>Mar.</em></span> 
     </span>
     <span class='ocr_line' id='line_1_38' title="bbox 197 3787 1245 3862; baseline 0.003 -23"><span class='ocrx_word' id='word_1_378' title='bbox 197 3787 226 3840; x_wconf 86' lang='lat' dir='ltr'><em>L.</em></span> <span class='ocrx_word' id='word_1_379' title='bbox 245 3790 289 3841; x_wconf 73' lang='grc' dir='ltr'><em>ΙΙΙ.</em></span> <span class='ocrx_word' id='word_1_380' title='bbox 307 3790 344 3856; x_wconf 89' lang='grc'><em>[4,</em></span> <span class='ocrx_word' id='word_1_381' title='bbox 363 3792 401 3857; x_wconf 89' lang='grc'><strong>1.]</strong></span> <span class='ocrx_word' id='word_1_382' title='bbox 422 3791 456 3843; x_wconf 80' lang='lat' dir='ltr'><em>de</em></span> <span class='ocrx_word' id='word_1_383' title='bbox 474 3801 641 3862; x_wconf 83' lang='lat' dir='ltr'><em>paupertate:</em></span> <span class='ocrx_word' id='word_1_384' title='bbox 671 3791 808 3854; x_wconf 86' lang='lat' dir='ltr'><em>Cornelia,</em></span> <span class='ocrx_word' id='word_1_385' title='bbox 826 3788 928 3860; x_wconf 83' lang='lat' dir='ltr'><em>inquit,</em></span> <span class='ocrx_word' id='word_1_386' title='bbox 954 3790 1134 3842; x_wconf 79' lang='lat' dir='ltr'><em>Gracchorum</em></span> <span class='ocrx_word' id='word_1_387' title='bbox 1152 3802 1245 3855; x_wconf 82' lang='lat' dir='ltr'><em>mater,</em></span> 
     </span>
     <span class='ocr_line' id='line_1_39' title="bbox 198 3876 1244 3947; baseline 0.001 -21"><span class='ocrx_word' id='word_1_388' title='bbox 198 3893 258 3927; x_wconf 86' lang='lat' dir='ltr'><em>eum</em></span> <span class='ocrx_word' id='word_1_389' title='bbox 276 3879 414 3945; x_wconf 81' lang='lat' dir='ltr'><em>Campana</em></span> <span class='ocrx_word' id='word_1_390' title='bbox 438 3889 576 3942; x_wconf 87' lang='lat' dir='ltr'><em>matrona,</em></span> <span class='ocrx_word' id='word_1_391' title='bbox 601 3878 676 3947; x_wconf 85' lang='lat' dir='ltr'><em>apud</em></span> <span class='ocrx_word' id='word_1_392' title='bbox 692 3877 768 3929; x_wconf 87' lang='lat' dir='ltr'><em>illam</em></span> <span class='ocrx_word' id='word_1_393' title='bbox 786 3878 910 3946; x_wconf 78' lang='lat' dir='ltr'><em>hospita,</em></span> <span class='ocrx_word' id='word_1_394' title='bbox 938 3886 1095 3927; x_wconf 86' lang='lat' dir='ltr'><em>ornamenta</em></span> <span class='ocrx_word' id='word_1_395' title='bbox 1113 3896 1164 3929; x_wconf 86' lang='lat' dir='ltr'><em>soa</em></span> <span class='ocrx_word' id='word_1_396' title='bbox 1179 3876 1244 3946; x_wconf 84' lang='lat' dir='ltr'><em>pal-</em></span> 
     </span>
     <span class='ocr_line' id='line_1_40' title="bbox 198 3963 1243 4035; baseline -0.001 -21"><span class='ocrx_word' id='word_1_397' title='bbox 198 3963 327 4016; x_wconf 77' lang='lat' dir='ltr'><em>eberrima</em></span> <span class='ocrx_word' id='word_1_398' title='bbox 345 3964 429 4015; x_wconf 84' lang='lat' dir='ltr'><em>seculi</em></span> <span class='ocrx_word' id='word_1_399' title='bbox 444 3965 520 4017; x_wconf 85' lang='lat' dir='ltr'><em>illius</em></span> <span class='ocrx_word' id='word_1_400' title='bbox 539 3967 701 4024; x_wconf 80' lang='lat' dir='ltr'><em>ostenderet,</em></span> <span class='ocrx_word' id='word_1_401' title='bbox 726 3966 816 4017; x_wconf 78' lang='lat' dir='ltr'><em>traxit</em></span> <span class='ocrx_word' id='word_1_402' title='bbox 839 3981 898 4015; x_wconf 89' lang='lat' dir='ltr'><em>eam</em></span> <span class='ocrx_word' id='word_1_403' title='bbox 915 3981 1046 4029; x_wconf 86' lang='lat' dir='ltr'><em>sermone,</em></span> <span class='ocrx_word' id='word_1_404' title='bbox 1074 3969 1243 4035; x_wconf 82' lang='lat' dir='ltr'><em>quousquee</em></span> 
     </span>
     <span class='ocr_line' id='line_1_41' title="bbox 195 4051 1242 4122; baseline -0.004 -18"><span class='ocrx_word' id='word_1_405' title='bbox 195 4051 289 4104; x_wconf 80' lang='lat' dir='ltr'><em>salsole</em></span> <span class='ocrx_word' id='word_1_406' title='bbox 317 4051 434 4103; x_wconf 83' lang='lat' dir='ltr'><em>redirent</em></span> <span class='ocrx_word' id='word_1_407' title='bbox 461 4051 552 4104; x_wconf 84' lang='lat' dir='ltr'><em>liberi:</em></span> <span class='ocrx_word' id='word_1_408' title='bbox 586 4062 613 4103; x_wconf 82' lang='lat' dir='ltr'><em>et</em></span> <span class='ocrx_word' id='word_1_409' title='bbox 642 4053 723 4109; x_wconf 82' lang='lat' dir='ltr'><em>haee,</em></span> <span class='ocrx_word' id='word_1_410' title='bbox 762 4052 868 4122; x_wconf 80' lang='lat' dir='ltr'><em>inquit,</em></span> <span class='ocrx_word' id='word_1_411' title='bbox 900 4059 1057 4103; x_wconf 84' lang='lat' dir='ltr'><em>ornamenta</em></span> <span class='ocrx_word' id='word_1_412' title='bbox 1082 4064 1141 4100; x_wconf 83' lang='lat' dir='ltr'><em>mea</em></span> <span class='ocrx_word' id='word_1_413' title='bbox 1168 4057 1242 4100; x_wconf 84' lang='lat' dir='ltr'><em>sunt.</em></span> 
     </span>
     <span class='ocr_line' id='line_1_42' title="bbox 196 4132 1242 4210; baseline -0.008 -20"><span class='ocrx_word' id='word_1_414' title='bbox 196 4138 292 4191; x_wconf 87' lang='lat' dir='ltr'><em>Omnia</em></span> <span class='ocrx_word' id='word_1_415' title='bbox 309 4138 433 4189; x_wconf 87' lang='lat' dir='ltr'><em>nimirum</em></span> <span class='ocrx_word' id='word_1_416' title='bbox 451 4138 548 4203; x_wconf 80' lang='lat' dir='ltr'><em>babet,</em></span> <span class='ocrx_word' id='word_1_417' title='bbox 566 4139 684 4193; x_wconf 70' lang='lat' dir='ltr'><em>tetidem</em></span> <span class='ocrx_word' id='word_1_418' title='bbox 703 4137 803 4191; x_wconf 79' lang='lat' dir='ltr'><em>ibidem</em></span> <span class='ocrx_word' id='word_1_419' title='bbox 821 4137 900 4204; x_wconf 79' lang='lat' dir='ltr'><em>dicit,</em></span> <span class='ocrx_word' id='word_1_420' title='bbox 920 4137 968 4210; x_wconf 87' lang='lat' dir='ltr'><em>qui</em></span> <span class='ocrx_word' id='word_1_421' title='bbox 985 4136 1058 4190; x_wconf 68' lang='lat' dir='ltr'><em>satit</em></span> <span class='ocrx_word' id='word_1_422' title='bbox 1071 4132 1242 4201; x_wconf 83' lang='lat' dir='ltr'><em>eoneupiseit,</em></span> 
     </span>
     <span class='ocr_line' id='line_1_43' title="bbox 195 4218 1242 4298; baseline -0.01 -20"><span class='ocrx_word' id='word_1_423' title='bbox 195 4244 225 4278; x_wconf 83' lang='lat' dir='ltr'><em>ea</em></span> <span class='ocrx_word' id='word_1_424' title='bbox 244 4223 350 4297; x_wconf 85' lang='lat' dir='ltr'><em>quidem</em></span> <span class='ocrx_word' id='word_1_425' title='bbox 369 4226 484 4292; x_wconf 78' lang='lat' dir='ltr'><em>certios,</em></span> <span class='ocrx_word' id='word_1_426' title='bbox 511 4237 591 4297; x_wconf 77' lang='lat' dir='ltr'><em>qnam</em></span> <span class='ocrx_word' id='word_1_427' title='bbox 610 4228 657 4298; x_wconf 80' lang='lat' dir='ltr'><em>pai</em></span> <span class='ocrx_word' id='word_1_428' title='bbox 674 4236 773 4279; x_wconf 84' lang='lat' dir='ltr'><em>anneta</em></span> <span class='ocrx_word' id='word_1_429' title='bbox 789 4225 923 4295; x_wconf 87' lang='lat' dir='ltr'><em>possidet,</em></span> <span class='ocrx_word' id='word_1_430' title='bbox 950 4224 1014 4295; x_wconf 83' lang='lat' dir='ltr'><em>quia</em></span> <span class='ocrx_word' id='word_1_431' title='bbox 1038 4218 1181 4271; x_wconf 80' lang='lat' dir='ltr'><em>doaeinium</em></span> <span class='ocrx_word' id='word_1_432' title='bbox 1199 4235 1242 4269; x_wconf 86' lang='lat' dir='ltr'><em>re-</em></span> 
     </span>
    </p>
   </div>
   <div class='ocr_carea' id='block_1_12' title="bbox 0 0 1534 4925">
    <p class='ocr_par' dir='ltr' id='par_1_12' title="bbox 0 0 1534 4925">
     <span class='ocr_line' id='line_1_44' title="bbox 0 0 1534 4925; baseline 0 3"><span class='ocrx_word' id='word_1_433' title='bbox 0 0 1534 4925; x_wconf 95' lang='lat' dir='ltr'><em> </em></span> 
     </span>
    </p>
   </div>
  </div>
 </body>
</html>
