3059 4925
532 463 727 511 rsnrooxon
751 465 795 511 ιι.
822 466 891 514 cnr.
913 468 936 512 ι.
1175 423 1247 516 181

193 620 284 691 ltaque
303 620 443 692 improbus
461 621 569 692 quidem
596 632 681 692 potest
707 621 853 692 sapientem
880 634 969 694 petere
995 625 1091 678 iniuria
1117 636 1242 697 tanquam

193 708 257 761 telo:
276 709 321 760 sed
341 707 392 762 boc
409 708 507 773 telum,
526 708 591 761 baec
609 707 706 760 iniuria
725 709 758 761 ad
777 710 922 779 sapientem
942 729 998 763 non
1017 713 1148 781 pervenit,
1179 730 1240 764 eum

194 815 248 849 non
271 796 384 867 tangit.⁴‘
422 796 601 865 Wyttenb.
706 822 710 828 ·

261 885 412 952 pervenisse
430 884 468 932 art
485 901 524 934 me
545 900 682 953 utinquam
696 879 807 954 putavi]
827 882 910 950 Quod
928 884 1015 937 solent
1033 885 1121 951 lacere
1139 886 1239 939 librarii

193 971 231 1023 vel
250 972 422 1041 interpretes,
442 981 487 1034 ut,
508 970 553 1023 ubi
573 968 696 1024 consulto
714 970 846 1024 omittitur
864 971 993 1042 particula
1015 971 1103 1043 aliqua
1122 973 1175 1025 sire
1192 974 1241 1026 sd-

192 1059 316 1111 versative
334 1058 386 1110 sive
406 1057 571 1128 opponendo
590 1057 747 1122 inserviens,
773 1074 841 1110 sono
859 1057 1021 1129 supplenda,
1050 1076 1115 1111 eam·
1133 1058 1240 1122 addant,

191 1144 218 1195 id
240 1143 292 1198 boc
310 1163 420 1217 qunque
438 1143 499 1198 loco
518 1145 551 1197 ab
571 1145 601 1197 iis
620 1144 720 1197 lactum
740 1157 791 1208 est,
809 1144 969 1199 inculcanda
988 1145 1118 1218 particula
1140 1157 1239 1203 tamen.

192 1250 272 1303 quem
291 1232 414 1285 exhibent
439 1242 491 1285 tres
509 1230 596 1286 Codd.
616 1230 677 1284 Atdi
702 1233 743 1301 (in
769 1251 885 1303 quorum
906 1252 973 1298 eno,
998 1243 1061 1286 ante
1083 1232 1241 1300 pervenisse,

190 1337 269 1389 supra
290 1318 386 1371 lineam
405 1318 525 1372 additum
543 1319 595 1385 cst)
621 1330 647 1371 et
665 1317 732 1372 Edd.
759 1319 866 1372 multae.
910 1319 971 1388 Qun
996 1321 1031 1373 de
1056 1339 1085 1373 re
1111 1331 1149 1372 est
1175 1319 1241 1375 baec

189 1406 326 1459 annotatio
338 1407 464 1458 Gruteri:
485 1407 654 1476 „pervenisse
671 1407 710 1457 nd
729 1426 769 1459 me
787 1407 889 1462 Pallet
901 1407 966 1473 Gut
975 1409 1033 1461 sine
1049 1408 1239 1480 lpruen,'quod

189 1495 217 1546 iu
236 1493 354 1565 vulgatis.
397 1493 454 1546 Pal.
482 1505 541 1547 tert.
561 1504 699 1564 praeleres
716 1493 829 1549 exclusit
846 1496 884 1546 cd
908 1513 963 1546 me:
987 1495 1103 1566 licetque
1122 1515 1172 1566 per
1189 1514 1240 1558 me,

190 1582 235 1634 cui
253 1591 342 1633 tamen
362 1581 451 1633 minus
469 1581 571 1651 placet,
590 1581 663 1651 quod
681 1581 825 1650 praecessit
841 1582 978 1651 nefariam
992 1585 1021 1634 iss
1040 1601 1079 1633 nie
1097 1583 1239 1637 incrinus:

189 1689 247 1725 non
266 1669 360 1740 placet,
378 1669 504 1739 inquam,
524 1667 606 1720 dictio
624 1669 760 1730 iniuriam,
778 1667 824 1720 sed
843 1668 907 1738 quid
927 1668 982 1720 eius
999 1667 1060 1720 loco
1074 1668 1239 1733 substituam,

188 1776 245 1810 non
265 1756 398 1826 reperio.“
417 1786 454 1796 —
490 1754 576 1808 Nemo
589 1754 740 1809 admodum¹
755 1755 856 1808 curarit
873 1753 944 1808 banc
961 1755 1171 1819 decimariam
1189 1755 1240 1807 dn·

188 1845 345 1899 bitationem
365 1843 402 1896 rel
421 1843 600 1913 suspicionem
619 1860 633 1894 a
653 1841 771 1894 Grutern
785 1841 926 1894 iniectam:
944 1852 971 1895 et
988 1842 1099 1894 merito..
1127 1839 1181 1892 Sed
1192 1839 1240 1893 ba·

187 1933 253 1984 bent
271 1942 384 1981 tamen
399 1928 552 1998 pervenisse
571 1926 643 1980 Crat.
658 1927 748 1997 qun.
764 1927 840 1992 llub,
861 1939 965 1980 nostrae
984 1930 1053 1981 Ven.
1065 1932 1145 1982 14⁹2
1160 1932 1238 1983 1514.
1256 1950 1257 1953 ¹

186 2019 249 2071 Par.
263 2021 341 2071 tout.
358 2019 438 2070 1512.
457 2017 535 2070 1543.
557 2015 623 2068 Dav.
641 2013 805 2085 Arpttdtb.
824 2015 886 2069 Asc.
897 2018 975 2070 1511.
986 2018 1065 2068 taso.
1085 2013 1143 2065 nld.
1159 2016 1238 2066 1517.

187 2107 290 2160 Sturm.
308 2105 378 2158 And.
405 2103 480 2166 Tat,
506 2103 657 2174 pervenisse
682 2112 792 2153 tomen
816 2101 973 2155 Manutiana
998 2100 1108 2164 Orellii,
1134 2111 1238 2153 nostrae

186 2193 248 2247 Atd.
271 2195 346 2248 1548.
363 2194 442 2244 1552.
469 2188 546 2243 Boul.
574 2189 687 2242 Lambb.
712 2187 793 2242 Goth.
819 2191 878 2242 Car.
903 2177 995 2261 Stepb.
1019 2189 1108 2242 Herw,
1134 2190 1238 2243 Carnes.

186 2282 218 2336 ΙΙ,
240 2281 325 2333 Wolf.
344 2279 436 2352 Sylb.;
463 2297 493 2332 ex
520 2290 579 2331 vett.
607 2277 678 2331 solae
698 2278 767 2331 Vict.
792 2277 884 2330 bamb.
911 2278 972 2331 Par.
997 2299 1015 2330 s.
1042 2296 1067 2331 a.
1092 2288 1118 2330 et
1142 2275 1238 2331 Colon.

186 2368 316 2422 omittunt
332 2368 396 2420 illud
415 2378 512 2418 torreo.
560 2364 638 2416 Unus
657 2363 723 2416 cod.
742 2364 802 2416 ntdi
830 2363 908 2417 babet
929 2366 1080 2435 pervenisse
1103 2383 1176 2415 eam
1201 2364 1240 2413 ad

187 2475 241 2520 me,
260 2469 289 2510 ut
308 2467 346 2509 est
364 2453 443 2508 etiam
462 2454 490 2507 in
510 2453 576 2509 Οιι.
597 2452 627 2506 Ε.
648 2474 689 2522 q„
707 2452 735 2505 in
753 2451 826 2506 Gud0
845 2453 875 2504 Α.
895 2453 1024 2524 scriptum
1043 2464 1082 2505 est
1099 2470 1236 2522 nunqnam

187 2546 226 2596 ad
244 2564 283 2595 me
298 2545 467 2613 pervenirem
487 2545 514 2596 in
536 2541 614 2594 Drsd.
632 2546 658 2595 5.
676 2559 715 2594 nn
730 2541 821 2592 nibil
837 2542 996 2610 pervenisse.
1032 2539 1092 2592 Mr.

200 2695 204 2700 Ι
261 2632 324 2683 Nisi
344 2633 436 2703 forte,
467 2650 548 2703 quum
573 2630 692 2698 parietes
715 2626 915 2695 disturbabas,]
942 2626 1010 2681 cod.
1037 2625 1117 2698 Drsd.
1137 2630 1162 2680 5.
1185 2627 1238 2676 nisi

188 2739 261 2772 rum
278 2720 360 2789 forte.
381 2748 411 2758 -
449 2716 532 2785 „Quo
553 2717 595 2770 die
614 2718 709 2772 Cicero
728 2736 757 2769 ex
777 2717 844 2770 urbe
863 2717 995 2782 discessit,
1013 2715 1044 2768 P.
1064 2711 1174 2766 Clodius
1186 2713 1236 2767 do·

187 2825 263 2861 mum
283 2807 354 2874 eius,
373 2825 442 2877 quae
461 2807 488 2858 in
506 2805 608 2859 Palatio
628 2818 697 2872 aral,
727 2804 862 2870 incendit,
890 2803 1002 2874 parietes
1019 2800 1188 2865 disturbavit,
1208 2811 1237 2853 ut

188 2918 220 2951 eo
240 2897 267 2948 in
287 2895 347 2948 loco
365 2894 430 2947 deae
448 2893 588 2947 Libertatis
605 2894 733 2965 templum
753 2892 920 2956 aedificaret,
943 2901 1072 2959 tauquam
1098 2885 1237 2940 Ciceronis

188 2983 293 3037 exilium
312 2982 450 3034 Romanae
468 2981 565 3035 civitati
593 2981 741 3035 libertatem
767 2978 904 3031 afferret.“
930 2978 1003 3030 F'rc.
1020 2975 1111 3046 Sylv.
1157 2973 1236 3040 „Do-

188 3090 249 3125 mus
275 3081 302 3123 et
318 3069 391 3122 villas
417 3068 555 3134 Ciceronis
578 3069 759 3122 combusserat
784 3065 908 3131 Clodius,
936 3065 1005 3136 qliae
1030 3067 1137 3116 senatus
1165 3064 1235 3113 iussu

187 3176 249 3211 aere
266 3156 375 3228 publico
393 3156 552 3210 instauratae
571 3156 688 3208 luerunt.
734 3156 809 3222 Quas
838 3155 934 3206 domus
960 3149 1070 3203 Clodius
1094 3148 1236 3201 demolitur

188 3246 235 3308 eil,
255 3254 344 3297 narrat
362 3243 452 3297 Attico
471 3242 568 3297 Cicero
586 3242 632 3295 lib.
651 3242 726 3313 epist.
745 3246 771 3294 1.
796 3241 829 3292 od
848 3240 902 3292 An.
921 3240 988 3305 [34⁴⁶
1015 3238 1108 3307 Xyst.
1126 3234 1234 3288 Betul.

189 3330 430 3402 „suppellectilem
442 3331 520 3384 etiam
534 3329 671 3384 Ciceronis
688 3340 714 3382 et
733 3327 849 3399 reliquas
861 3344 926 3398 opes
944 3324 1031 3378 bastae
1049 3323 1158 3377 subiecit
1171 3320 1235 3374 Clo-

188 3417 261 3482 dius,
286 3428 315 3470 ut
334 3417 370 3470 eit
387 3418 545 3472 Plutarchus
572 3419 600 3471 in
619 3418 679 3472 Vita
704 3415 870 3470 Ciceronis.“
897 3413 979 3466 llud.
996 3410 1067 3463 Tal.
1090 3410 1160 3481 [cap
1179 3411 1234 3479 dd]
1333 3457 1337 3462 .

190 3502 268 3558 Conl.
292 3505 348 3557 Cic.
373 3525 423 3576 pro
441 3505 499 3560 Mil.
518 3509 575 3571 32,
599 3506 625 3558 in
649 3505 740 3558 Pison.
759 3508 802 3557 11.
830 3522 879 3574 pro
904 3502 994 3554 Domo
1015 3502 1048 3553 23
1067 3519 1108 3569 sq.
1126 3527 1160 3537 —·
1204 3497 1234 3552 ln

188 3612 261 3664 seqq.
280 3591 331 3646 Ox.
349 3611 379 3653 ψ.
397 3593 477 3646 babet
488 3595 581 3664 socies
600 3613 649 3664 pro
664 3594 763 3663 saces5
784 3591 855 3643 Gud.
874 3590 903 3642 B.
920 3587 1068 3659 inferebat,
1091 3606 1142 3658 pro
1160 3585 1235 3655 infc-

188 3681 274 3736 rebas.
321 3680 432 3734 Conlert
459 3681 540 3751 Borg.
560 3679 617 3734 Cat.
634 3679 679 3747 ΙΙΙ,
697 3683 728 3733 9:
756 3681 804 3749 qui
821 3687 884 3730 sunt
903 3678 1032 3747 funestos
1057 3691 1090 3724 cc
1114 3671 1234 3744 nefarios

188 3769 262 3838 ignes
280 3769 382 3838 inserts
401 3769 499 3820 conati.
535 3768 593 3820 Mr.

258 3874 318 3906 cum
342 3856 461 3925 parietes
479 3884 513 3895 -
532 3854 680 3926 inferebas]
721 3851 851 3920 „Clodius
876 3871 924 3922 per
950 3851 1116 3922 plebiscitum
1135 3848 1235 3902 eslere·

188 3954 241 4007 rat,
261 3954 290 3995 ut
310 3940 441 3996 Cicerone
460 3943 487 3995 in
506 3942 611 3995 erilium
628 3941 736 4013 expulso
754 3941 811 3993 eius
828 3940 924 3992 domus
948 3939 1139 3992 disturbaretur
1163 3945 1189 3989 et
1206 3936 1233 3986 in

187 4048 247 4081 area
268 4029 393 4082 sacellum
412 4030 553 4083 Libertatis
571 4039 783 4100 consecraretur.
833 4026 887 4079 lam
906 4044 990 4096 quum
1010 4022 1234 4077 domus·Gicero-

187 4115 260 4169 nisa
279 4116 361 4169 labris
378 4117 580 4183 disturbaretur,
599 4118 700 4172 lactum
718 4125 756 4168 est
778 4131 912 4167 concursu
929 4110 1075 4166 Clodianae
1093 4107 1186 4180 plebis,
1205 4114 1234 4155 ut

186 4202 278 4256 eadem
298 4203 395 4272 dpmus
421 4202 609 4268 incenderetur
628 4217 653 4260 et
677 4203 829 4273 dellegaret.
874 4199 935 4266 Qua
960 4200 993 4252 de
1017 4217 1047 4251 re
1064 4194 1159 4248 Cicero
1178 4189 1234 4258 ipse
