3059 4925
276 436 347 509 150
606 458 778 506 rrnsooxs
806 458 1000 507 srorcouuu.

274 640 335 676 curu
355 620 433 674 Drsd.
452 623 494 682 5.;
513 617 579 671 Ost.
595 615 626 668 E.
646 614 665 668 Ι.
691 615 789 670 habent
808 635 870 669 cum
889 617 967 670 Drsd.
984 620 1010 670 4„
1037 617 1211 670 multitudiue
1237 635 1320 688 ergo

271 717 441 779 peccatorum
457 711 596 774 praestat(
627 703 679 757 Sed
699 723 748 775 pro
764 714 891 772 praestat
906 703 1004 760 habent
1019 716 1147 774 peccatur
1161 717 1222 759 octo
1236 705 1322 758 Codd.

274 795 351 859 Aldis
374 804 482 864 peccat,
508 811 593 856 unoss
613 792 752 860 peccarit,
768 810 846 844 sinus.
887 796 1022 844 Peccator
1045 804 1082 846 est
1107 793 1185 848 etiarn
1205 793 1233 845 in
1252 790 1320 845 Cod.

274 882 380 935 Suerin.
399 893 425 935 et
442 880 507 934 Otr.
525 900 551 949 η.
571 899 595 932 o.
613 897 643 940 ψ.
662 880 743 932 Drsd.
760 884 785 932 2.
823 878 868 932 Sic
887 879 965 933 etiem
983 879 1034 932 Th.
1053 879 1207 949 Bentlei‘et
1225 878 1320 932 deinde

275 973 414 1042 dignum
432 978 483 1022 est.
518 967 548 1020 ln
568 967 648 1020 Drsd.
668 973 693 1020 5.
722 968 883 1021 omittuntur
902 968 981 1021 verba
1003 968 1032 1020 in
1048 969 1138 1037 patris
1155 997 1190 1007 —
1206 985 1321 1037 peccon-

205 1041 212 1051 ⁹
274 1071 348 1119 tur.,·
366 1065 459 1127 peccot
479 1056 506 1108 in
526 1055 605 1110 Drsd.
625 1059 650 1109 1.
672 1066 697 1109 et
715 1060 741 1110 3.
790 1055 868 1109 Unus
886 1055 948 1109 Atdi
977 1075 1026 1126 pro
1050 1075 1131 1127 eoque
1151 1054 1229 1108 hebet
1247 1072 1320 1125 ergo,

274 1146 352 1199 Suer.
373 1163 485 1217 eoqus‚·
510 1154 568 1197 turn
587 1143 665 1197 Drsd.
684 1146 710 1196 4.
730 1144 827 1196 maiori
840 1161 928 1212 poeno
935 1164 945 1204 ,·
971 1142 1043 1195 Gud.
1063 1143 1095 1195 A.
1114 1161 1194 1215 eoque
1212 1141 1319 1213 dignius

274 1245 315 1289 est
332 1234 429 1286 maiore
448 1234 513 1298 (om.
528 1234 633 1300 poeno).
669 1229 720 1285 Or.
739 1252 765 1299 η.
784 1231 881 1284 omittit
898 1242 948 1287 est.
991 1228 1040 1282 01.
1052 1235 1089 1291 u.
1114 1228 1202 1300 pergit
1228 1230 1253 1280 si
1270 1245 1320 1298 pro

274 1322 334 1383 sed5
362 1319 441 1374 Dred.
460 1323 488 1372 4.
511 1335 579 1390 quae
602 1337 666 1370 nou
683 1319 778 1390 cuique
796 1335 883 1390 quoe
906 1328 1025 1387 peccato.
1071 1315 1152 1369 Drsd.
1171 1319 1196 1368 5.
1224 1313 1322 1367 omittit

271 1420 382 1477 peccato
389 1427 399 1468 ,·
418 1405 489 1462 Gud.
497 1405 531 1458 Α.
547 1404 625 1459 habet
637 1406 673 1457 sit
683 1423 788 1475 poenas
808 1404 887 1459 Drsd.
900 1410 925 1459 4.
938 1404 1036 1459 omittit
1048 1413 1168 1472 spectare
1175 1421 1185 1462 ,·
1205 1400 1284 1452 Drsd.
1294 1404 1320 1453 5.

274 1497 354 1551 habet
371 1504 534 1565 exspectare.
551 1492 612 1544 Mr.
649 1497 808 1555 ,‚Proestct,
829 1492 846 1544 i.
864 1513 887 1546 e.
908 1490 1131 1563 praeponderet.“
1150 1488 1171 1539 F
1177 1485 1318 1556 rosylv.

345 1587 380 1636 In
394 1581 560 1651 potris'oito
578 1579 716 1644 uiolando]
754 1578 863 1645 „Dictio
882 1580 1010 1631 violando
1028 1579 1118 1631 obesse
1136 1586 1240 1648 poteret
1258 1593 1318 1628 sen-

275 1671 356 1724 tentia
374 1669 458 1733 solve,
475 1679 502 1721 et
518 1669 622 1739 ingrato
641 1665 700 1720 heic
719 1677 756 1719 est
771 1667 897 1732 auribus,
923 1686 985 1721 cum
1004 1667 1090 1720 statim
1109 1665 1206 1718 iterum
1224 1681 1320 1734 sequa·
1342 1723 1348 1733 .

273 1760 343 1809 tor-‘⁴
361 1755 503 1810 Gruter.
550 1754 693 1810 Neminem
712 1752 843 1807 Gruterus
872 1755 1063 1826 obsequentem
1086 1763 1178 1806 nactus
1196 1762 1242 1804 est.
1288 1749 1321 1802 Et
1347 1783 1348 1786 =

273 1843 377 1897 merito.
413 1843 470 1898 Mr-
894 1878 902 1886 -

345 1932 391 2002 qui
408 1932 526 1985 erudivit
547 1960 579 1970 -
600 1930 734 2001 *dignus
759 1930 821 1997 est]
859 1930 899 1992 Ad
927 1930 1003 1982 verbo
1029 1928 1134 1983 confert
1158 1926 1238 1997 Borg.
1263 1925 1319 1978 cte.

274 2018 307 2071 de
324 2018 379 2071 lnv.
397 2018 417 2084 Ι,
436 2023 486 2072 543
505 2019 581 2086 opud
597 2036 662 2089 quos
680 2017 812 2069 educatus
831 2019 881 2081 sit,
900 2037 918 2067 α
937 2016 1034 2088 quibus
1053 2017 1194 2076 eruditus3
1219 2013 1252 2067 de
1268 2011 1319 2065 Or.

199 2147 210 2152 -
273 2105 306 2170 ΙΙ,
324 2109 370 2159 ts:
400 2125 476 2177 qoem
496 2104 645 2174 procrearit
670 2115 697 2156 et
722 2104 843 2156 eduxerit
851 2126 859 2170 3
885 2106 918 2158 ed
943 2106 1049 2158 Famm.
1069 2104 1114 2170 Vi,
1133 2108 1164 2157 5:
1191 2104 1233 2153 ito
1252 2101 1320 2170 euim

274 2202 373 2256 notos,
390 2193 433 2243 ito
450 2192 597 2245 eductus
615 2210 643 2244 es
661 2191 724 2262 (Or.
744 2211 806 2245 curn
825 2193 916 2246 Lamb.
935 2204 961 2247 et
977 2193 1211 2255 Creteducotus).
1242 2188 1319 2242 Hom.

275 2277 373 2349 Odyss.
391 2278 423 2343 ΙΙ,
442 2282 504 2333 131.
529 2273 545 2348 ἦ
563 2276 591 2342 μ’
608 2280 715 2347 ἴτεχε,
733 2274 751 2349 ἢ
768 2278 795 2342 μ’
813 2283 921 2352 ἔθρεψα
948 2280 1032 2350 (miro
1050 2297 1142 2331 errore
1162 2296 1212 2349 pro
1230 2273 1319 2342 ἔ’τεχ’)ε

274 2364 318 2430 ΙΙΙ,
336 2370 379 2419 28:
398 2372 520 2432 γενέσθαι
537 2388 565 2420 ss
583 2373 710 2438 τραφέμεν
727 2390 765 2424 τε.
801 2372 881 2422 Sedes
900 2382 926 2423 et
945 2371 1038 2421 domus
1048 2368 1198 2439 iunguntur
1208 2367 1241 2419 de
1254 2365 1319 2435 Rep.

274 2453 306 2520 ΙΙ,
324 2458 351 2512 5.
370 2454 415 2521 Vl,
432 2459 482 2520 123
502 2457 579 2510 Verr.
598 2457 631 2525 ΙΙ,
650 2461 700 2524 65,
719 2460 793 2515 sedes
811 2479 843 2514 ae
862 2459 1022 2511 domicilium
1040 2457 1076 2510 ib.
1095 2455 1127 2522 ΙΙ,
1146 2459 1178 2520 33
1204 2454 1279 2507 sedes
1297 2465 1322 2507 et

274 2545 337 2613 ogri
352 2544 388 2598 ib.
401 2541 447 2608 ΙΙΙ,
459 2548 503 2599 55.
521 2574 554 2583 —-
582 2546 728 2615 Wyuad
748 2567 770 2598 v.
789 2547 947 2618 dignoscet
965 2545 1115 2600 annotavit:
1140 2540 1322 2609 ,subaudien-
1352 2526 1357 2535 ¹

275 2627 339 2682 dum
355 2632 509 2699 parricida,
525 2632 598 2703 quod
617 2634 645 2684 in
664 2633 881 2688 antecedentibus
898 2653 953 2687 non
964 2633 1081 2704 'quidem
1094 2632 1189 2687 diserte
1207 2629 1322 2702 positum

276 2728 328 2782 est,
349 2718 393 2770 sed
413 2716 594 2788 intelligitur.“
613 2748 646 2756 -
682 2718 755 2772 Idem
775 2721 808 2773 ad
826 2741 848 2774 r.
866 2722 895 2772 in
911 2722 986 2774 vito.-
1016 2721 1091 2786 „i.e.
1119 2720 1147 2772 in
1174 2717 1322 2772 actionibus

276 2804 387 2870 nostris,
403 2804 433 2857 in
451 2806 574 2859 societate
590 2819 615 2860 et
636 2808 828 2862 consuetudine
847 2827 909 2862 cum
927 2808 985 2861 aliis
1002 2808 1163 2862 hominibus.
1200 2806 1246 2861 Sic
1264 2808 1323 2859 vito

276 2902 301 2944 et
319 2891 347 2944 in
365 2891 417 2945 hoc
434 2892 569 2963 paradoxo
587 2896 656 2951 etin
676 2897 771 2950 ceteris
789 2917 867 2968 saepe
886 2898 1010 2952 dicitur.“
1046 2895 1120 2950 Idem
1139 2895 1173 2949 ed
1186 2915 1209 2949 v.
1223 2896 1321 2946 liceat.-

275 2979 368 3043 „Licet
389 2980 488 3053 aliquid
517 2984 626 3053 proprie
656 2984 753 3038 dicitur
779 2986 811 3039 de
840 2987 943 3057 legibus
969 2985 1101 3048 civilibus,
1129 3003 1196 3055 quae
1220 2982 1322 3054 aliquid

190 3096 194 3107 ·
277 3069 441 3138 permittunt,
459 3088 509 3126 nec
527 3081 615 3123 tamen
634 3071 736 3137 iubent,
755 3072 976 3144 quandoquidem
989 3071 1120 3126 eiusmodi
1130 3071 1200 3125 sotio
1217 3081 1322 3141 specte·

276 3167 335 3220 lus»
354 3167 384 3209 ΙΙΙ
402 3175 471 3227 quac
488 3157 570 3228 possit
588 3157 626 3211 vel
645 3158 776 3214 committi
796 3159 834 3214 rei
854 3161 952 3215 omitti:
976 3180 1037 3214 nom
1056 3173 1126 3215 extre
1144 3158 1216 3231 leges
1233 3158 1322 3213 civiles

277 3244 424 3297 secundum
442 3244 528 3315 legem
548 3245 712 3311 naturalem,
731 3249 834 3301 ratione
854 3249 960 3320 quidem
979 3248 1148 3314 Stoicorum,
1166 3247 1231 3301 nihil
1250 3247 1321 3311 ticet,
1340 3276 1343 3284 =

276 3329 292 3381 i.
311 3349 335 3384 e.
354 3330 417 3385 nihil
437 3332 503 3386 adeo
522 3333 678 3389 indifferens
697 3346 749 3399 est,
774 3346 802 3387 ut
821 3338 901 3406 possit
928 3347 973 3390 eut
997 3336 1083 3389 omitti
1111 3346 1157 3390 aut
1182 3333 1321 3399 conmissi,

276 3418 320 3473 sed
340 3419 378 3473 ier
397 3421 487 3474 omnia
506 3419 546 3474 vel
564 3421 638 3474 iubet
656 3420 694 3474 vel
706 3425 805 3489 ⁴rotat.“
825 3425 880 3476 Mr.

347 3507 482 3578 Quicquid
498 3526 549 3558 oon
567 3517 686 3576 oportet,
703 3509 790 3561 scelus
806 3513 883 3578 esso]
921 3512 1023 3564 Vocem
1041 3529 1094 3562 nou
1106 3510 1204 3564 omittit
1213 3509 1322 3566 Gustu

277 3592 307 3646 ln
326 3594 385 3651 Cro.
403 3599 429 3651 8.
456 3593 516 3648 loco
536 3596 607 3648 verbi
632 3607 736 3666 oportet
758 3598 889 3668 scriptum
914 3611 952 3652 est
976 3602 1014 3666 63.
1040 3598 1112 3652 Gud.
1130 3597 1162 3651 B.
1187 3596 1266 3650 hebet
1282 3615 1321 3647 ne

277 3681 347 3735 licet.
390 3681 444 3735 Pro
462 3683 637 3752 praecedente
662 3684 743 3735 liceat
763 3696 800 3738 est
816 3686 895 3739 etiem
916 3686 979 3738 licet
1003 3686 1031 3738 in
1049 3685 1099 3739 Os.
1120 3687 1138 3738 Ι.
1174 3687 1205 3737 ln
1224 3683 1282 3738 Cre.
1295 3689 1323 3742 2.

278 3776 337 3837 post
353 3779 456 3835 oportet
475 3769 584 3825 additur
595 3770 699 3839 facere.
736 3772 856 3842 Perguut
873 3773 1012 3827 scelusest
1024 3772 1108 3827 codd.
1120 3772 1178 3825 Cre.
1192 3779 1218 3825 2.
1236 3773 1323 3839 ΟΜ).

276 3855 355 3910 Drsd.
373 3858 399 3907 1.
417 3859 442 3909 3.
459 3860 486 3910 4.
527 3856 558 3909 ln
584 3856 663 3913 Drsd.
682 3862 708 3912 5.
732 3870 770 3912 est
792 3860 879 3912 scelus
902 3879 959 3914 esse
984 3861 1141 3917 dicemus.
1187 3857 1322 3911 Scribitur

277 3942 739 4013 optarincood.cn.1.s.s.
777 3948 856 4002 Drsd.
875 3951 889 4003 1
909 3944 978 4004 eti.
1013 3949 1078 4001 Duo
1098 3945 1257 4017 posteriores
1273 3945 1323 3999 sd·

277 4032 345 4086 dunt
361 4050 426 4085 osse.
469 4031 570 4088 &odet
587 4035 673 4090 Wetz.
693 4036 726 4091 ed
745 4038 902 4091 sententiam
922 4036 1045 4090 Cio-Or.
1071 4053 1122 4106 pro
1140 4032 1226 4087 Balbo
1244 4036 1271 4100 8,
1290 4037 1321 4087 es

277 4120 381 4173 Fecisse
398 4121 564 4189 Pompeium,
589 4123 661 4192 quod
685 4125 710 4174 ei
724 4125 819 4195 facore
835 4145 888 4177 non
907 4123 1079 4176 licuerit?
1112 4123 1185 4195 quod
1207 4123 1322 4194 grauius

277 4219 332 4273 est,
358 4225 439 4280 quom
457 4207 481 4263 si
499 4208 652 4279 t'dsuctum
671 4210 705 4264 'ab
728 4232 757 4265 eo
784 4213 897 4275 diceret,
923 4213 995 4285 quod
1011 4231 1064 4265 nou
1092 4211 1321 4281 oportuisset.
