3059 4925
299 452 373 527 268
624 476 797 526 ernanum
824 476 1018 526 sromonmt.

296 638 360 693 hent
377 635 443 689 On.
461 634 481 688 l.
502 618 572 695 osu.
597 637 638 699 (in
659 635 755 707 quibus
773 635 846 689 deest
869 635 948 689 etiam
968 635 1085 704 Graeca)
1103 635 1183 689 Drsd.
1203 641 1228 688 2.
1259 637 1346 706 (deest

294 735 320 776 et
337 722 463 791 Graeca).
501 722 567 777 Edd.
595 722 656 774 Par.
678 727 757 777 1501.
785 722 869 793 Lugd.
894 722 954 776 Ald.
974 725 1054 776 1511.
1091 723 1120 775 ln
1150 721 1218 776 Cod.
1237 726 1295 777 Crz.
1318 730 1343 778 1.

294 824 332 866 est
344 812 423 882 Quod
433 812 507 862 solus
518 811 625 879 sopiens
636 811 710 862 diues
720 812 758 863 sit
777 811 995 865 ostenditur.
1023 810 1071 876 lta,
1089 810 1134 862 sed
1151 810 1251 863 omisso
1263 812 1343 863 verbo

293 900 459 962 ostenditur,
489 894 576 951 Codd.
610 896 669 951 Cra.
689 900 713 952 5.
739 896 811 950 Gud.
830 894 861 951 B.
887 896 963 950 Suer.
992 897 1061 950 Edd.
1089 918 1131 969 ap.
1156 898 1241 952 Meus.
1264 897 1342 952 lldlb.

293 986 354 1040 Par.
380 1005 399 1037 s.
419 1003 441 1036 a.
470 984 535 1036 Dar.
563 983 628 1054 Arg.
653 984 722 1036 Ven.
748 986 829 1036 1492.
855 986 942 1038 1514.
962 983 1023 1039 Asc.
1050 987 1129 1037 1511.
1153 982 1225 1037 Crat.
1253 984 1342 1039 llerw.

290 1071 450 1143 (praemisso
468 1072 569 1135 idest)
587 1069 687 1124 Sturm.
706 1068 781 1141 And.
795 1070 855 1123 Tel.
873 1060 974 1136 Boul,
985 1070 1046 1123 Ald.
1066 1075 1145 1125 1548.
1182 1072 1243 1126 Par.
1263 1076 1342 1128 1543.

293 1161 322 1213 ln
342 1158 409 1212 Edd.
430 1161 490 1212 Car.
509 1157 601 1229 steph.
620 1157 681 1211 Ald.
702 1161 782 1212 1551.
808 1157 883 1229 syth.
910 1158 1028 1228 itemque
1053 1159 1082 1211 in
1101 1158 1168 1212 Cod.
1192 1159 1286 1213 Duisb.
1304 1173 1342 1214 est

292 1248 371 1316 Quod
387 1247 461 1299 solus
478 1247 584 1315 sopiens
603 1246 684 1300 dives.
731 1244 761 1297 ln
782 1243 849 1299 Edd.
869 1245 933 1297 Em.
958 1255 984 1297 et
1001 1243 1102 1297 Gernh.
1127 1245 1167 1315 (in
1188 1246 1285 1316 quibus
1304 1257 1342 1299 est

246 1393 250 1400 ⁴
293 1334 401 1387 varietas
419 1332 550 1386 Codicum
569 1332 648 1400 Οιι.)
671 1332 800 1404 legimus,
828 1333 856 1385 in
883 1332 968 1386 Codd.
993 1332 1024 1386 E.
1044 1331 1077 1384 N.
1097 1332 1131 1385 U.
1151 1352 1177 1401 η.
1196 1352 1250 1385 esse
1273 1335 1341 1385 Au-

290 1432 356 1487 est‚
375 1421 448 1493 quod
464 1420 538 1472 solus
557 1420 663 1489 sopiens
681 1420 718 1471 sit
737 1419 820 1473 diues.
866 1418 948 1486 Quod
968 1430 1006 1472 est
1025 1419 1063 1470 vel
1085 1438 1227 1490 operarum
1248 1419 1339 1471 vitium

291 1506 329 1559 vel
350 1509 498 1561 scribarum
524 1527 574 1578 pro
591 1508 694 1558 idest:
721 1505 787 1558 illud
818 1507 870 1558 veri
896 1518 934 1560 est
959 1505 1077 1560 similius.
1114 1506 1185 1559 Gud.
1204 1507 1235 1560 A.
1263 1507 1341 1577 Quod

290 1595 363 1647 solus
379 1595 486 1664 sopiens
503 1596 541 1647 sit
560 1596 641 1648 dives.
677 1593 736 1647 llllr.

360 1682 451 1732 Solum
468 1709 503 1721 -
522 1681 642 1749 divitem]
680 1680 757 1746 „lloc
783 1698 892 1752 quoque
919 1680 1075 1736 Paradoxon
1101 1682 1269 1736 Socraticum
1294 1694 1339 1736 est.

289 1768 412 1822 Socrates
430 1768 501 1820 enim
521 1768 591 1839 apud
611 1768 751 1821 Platonem
771 1769 799 1821 in
819 1766 943 1821 Phaedro
963 1770 1026 1823 deos
1044 1783 1118 1835 orat,
1145 1782 1175 1822 ut
1193 1769 1338 1841 sapientem

288 1858 373 1910 solum
393 1855 499 1909 divitem
516 1856 669 1910 existiment.
707 1856 779 1909 ldem
798 1866 924 1926 rogatus,
943 1876 977 1910 an
997 1858 1136 1929 quisquam
1156 1855 1257 1912 Croeso
1275 1858 1339 1910 bea·

288 1945 340 1998 tior
358 1954 439 2005 esset;
458 1943 560 1998 nescire
579 1963 620 2010 se,
639 1955 772 2015 quantum
791 1941 901 1996 haberet
919 1944 1035 2012 virtutis,
1060 1945 1204 2016 respondit.
1246 1945 1336 2015 Signi·

288 2031 382 2084 ficabat
404 2032 491 2096 enim,
531 2049 565 2083 ne
589 2030 696 2083 divitem
726 2029 836 2101 quidem
866 2049 928 2082 eum
954 2049 1024 2098 esse,
1062 2032 1111 2084 nisi
1135 2033 1240 2104 sapiens
1264 2043 1337 2087 esset.

288 2119 404 2172 Auctore
424 2117 531 2169 Valerio
549 2117 667 2171 Maximo
685 2116 730 2170 lib.
750 2117 808 2170 Vll.
828 2118 906 2188 [Cap.
926 2122 951 2183 1,
971 2124 996 2172 2.
1014 2139 1040 2190 p.
1060 2123 1111 2183 621
1130 2140 1169 2192 sq.
1199 2122 1241 2173 ed.
1265 2120 1336 2172 Tor-

287 2206 355 2272 ren]
375 2203 466 2275 Gyges
484 2223 568 2275 regno
587 2204 691 2276 Lydiae·
704 2205 786 2258 armis
804 2216 830 2259 et
855 2205 949 2260 divitiis
977 2206 1204 2260 abundantissimo
1222 2206 1335 2272 inflatus,

287 2291 439 2362 Apollinem
465 2291 591 2363 Pythium
609 2293 769 2348 sciscitatum
789 2294 873 2359 veuit,
900 2313 935 2347 an
961 2294 1103 2365 quisquam
1131 2295 1284 2348 mortalium
1307 2314 1335 2347 se

286 2392 352 2433 esset
370 2380 481 2434 felicior.
526 2379 600 2433 Deus
618 2400 647 2433 ex
666 2381 756 2434 abdito
775 2380 882 2434 sacrarii
909 2400 993 2452 specu
1015 2401 1079 2434 voce
1104 2381 1195 2446 missa,
1219 2381 1335 2454 Aglaum

284 2467 456 2539 Psophidium
477 2469 501 2521 ei
521 2469 653 2540 praetulit.
690 2469 713 2522 ls
732 2480 789 2521 erat
807 2468 943 2521 Arcadum
960 2471 1161 2541 pauperrimus,
1187 2471 1232 2523 sed
1251 2481 1334 2524 aetate

285 2558 337 2609 iam
355 2557 445 2609 senior
463 2557 592 2609 terminos
618 2556 696 2626 agelli
715 2557 756 2608 sui
780 2575 920 2627 nunquam
948 2568 1107 2623 excesserat,
1138 2556 1240 2628 parvuli
1265 2558 1335 2611 ruris

284 2644 414 2697 fructibus
431 2662 464 2695 ac
481 2641 657 2712 voluptatibus
676 2646 847 2696 contentus.“
871 2643 944 2694 Fre.
962 2642 1111 2713 Sylvius.
1132 2673 1163 2683 -
1210 2644 1336 2708 „Habent

284 2732 336 2784 hoc
353 2730 509 2782 Paradoxon
526 2728 691 2780 Stoicicum
712 2729 821 2799 Cynicis
845 2747 998 2781 commune.
1045 2730 1130 2781 La'e‘rt.
1154 2729 1182 2780 in
1202 2730 1250 2781 vita
1272 2730 1334 2782 Me-

285 2817 389 2870 nedemi
408 2815 538 2887 Diogenis
556 2815 656 2869 dictum
675 2815 770 2868 relert:
799 2812 827 2873 tc
848 2816 941 2876 ἔφασκε
967 2819 1036 2868 θεῶν
1052 2821 1097 2879 μὲν
1116 2818 1182 2868 ἴδιον
1200 2811 1265 2868 εἶναι
1282 2838 1335 2886 μη-

283 2902 355 2964 δενδς
372 2907 491 2970 δεῖσθαι,
509 2906 561 2955 τῶν
580 2906 610 2955 di
630 2910 701 2963 θοοῖς
720 2898 813 2966 iunius
831 2901 922 2970 ὀλίγον
938 2903 1050 2975 χρῄζειν.
1093 2904 1197 2957 citatur
1215 2906 1333 2962 Musonii

283 2994 398 3047 dictum:
436 2994 489 3044 τῶν
505 2995 550 3054 uls
568 2995 684 3062 Κροίσου
713 2996 757 3043 καὶ
776 2990 870 3061 Κύρου
892 2994 1034 3061 θησαυρόν
1051 2999 1139 3044 πενίαν
1156 2991 1268 3062 ἐσχάτην
1286 3014 1334 3045 νυ-

282 3077 503 3150 τυψηφιούμεθυ,
531 3079 575 3132 ἕνα
593 3083 622 3132 δὲ
640 3084 684 3132 sul
695 3077 773 3143 μόνον
791 3077 943 3142 πιστεύομεν
960 3074 1024 3132 εἶναι
1042 3078 1164 3132 πλούσιον
1183 3085 1228 3132 καὶ
1246 3079 1333 3148 noodr,

194 3183 201 3194 ⁸
282 3163 328 3221 eds
346 3165 488 3229 δυνάμενον
508 3166 661 3236 κνήσασθαι
678 3165 709 3219 ιδ
725 3165 839 3226 dramate
858 3171 1022 3234 nonaxon·
1040 3169 1132 3240 Xyst.
1150 3169 1261 3224 Betul.

277 3265 280 3272 '
353 3260 429 3327 Quae
447 3265 488 3308 est
505 3257 562 3308 istu
579 3257 608 3308 in
626 3257 853 3309 commemorando
869 3258 996 3325 pecunie]
1032 3256 1222 3329 „llicquoque
1233 3257 1331 3312 Cicero

281 3345 396 3416 aliquem
413 3343 518 3396 divitem
538 3354 702 3409 senatorem,
722 3344 822 3416 opinor
840 3347 979 3410 Crassum,
998 3345 1140 3415 spectavit,
1162 3346 1188 3398 id
1209 3346 1281 3418 quod
1301 3365 1330 3397 es

281 3432 434 3486 definitione
453 3430 537 3484 divitis
555 3442 615 3502 post
632 3430 710 3485 allata
730 3443 817 3505 patet,
836 3451 905 3504 quae
923 3432 973 3485 luit
992 3433 1087 3486 Crassi.
1122 3433 1191 3486 Nam
1211 3446 1270 3505 post
1287 3434 1330 3486 lo-

281 3521 371 3592 quitur
389 3511 532 3572 de'ordine
551 3516 678 3571 hominis:
699 3537 759 3571 curn
776 3521 826 3573 isti
843 3522 931 3573 ordini
947 3519 1005 3590 (cui
1024 3531 1052 3575 tu
1071 3540 1107 3575 so.
1122 3540 1151 3574 es
1169 3521 1330 3592 adscriptus)

279 3625 312 3660 ne
329 3608 458 3658 honestus
475 3606 581 3677 quidem
597 3607 683 3674 possit
706 3624 763 3660 esse
787 3607 860 3660 olins
878 3613 1035 3680 quaestus.“
1059 3608 1136 3666 Ero.
1181 3609 1224 3661 Ad
1249 3610 1328 3663 verba

280 3693 384 3744 confert
402 3692 482 3763 Borg.
503 3691 558 3747 cte.
577 3693 610 3745 de
628 3692 694 3764 Rep.
712 3690 733 3762 l,
752 3696 799 3748 15:
825 3693 910 3768 neque
938 3696 1098 3748 insolens
1122 3700 1328 3751 ostentatio.

279 3777 351 3830 Lael.
372 3782 428 3834 ts:
463 3782 558 3848 Quos
582 3782 951 3835 est-istosecuritas?
986 3783 1029 3836 Ad
1055 3803 1112 3836 rem
1141 3784 1231 3837 laudat
1256 3784 1329 3838 Ald.
1377 3803 1383 3814 ·

278 3864 365 3918 Mau.
401 3864 519 3919 Plinium
537 3867 654 3935 XXXlll,
673 3872 716 3922 1⁰.
753 3867 1061 3925 contristabant
1084 3873 1253 3923 memorando
1277 3891 1328 3942 pro

280 3972 408 4005 commem.
446 3953 505 4008 Mr.

350 4043 426 4110 Quae
441 4051 483 4093 est
501 4042 557 4093 isto
576 4046 638 4112 etc]
675 4046 748 4112 „Eos
771 4046 956 4116 reprehendit,
983 4049 1029 4119 qui
1053 4048 1080 4100 in
1100 4046 1195 4100 divitiis
1212 4048 1266 4101 suis
1285 4049 1327 4100 ni-

280 4130 363 4181 mium
381 4128 429 4182 sibi
450 4126 568 4198 placent;
586 4130 613 4181 in
634 4132 726 4201 primis
743 4133 782 4187 M.
800 4134 934 4200 Crassum,
954 4155 984 4198 er
1002 4138 1079 4190 cuius
1092 4135 1152 4188 Vita
1170 4136 1242 4206 apud
1261 4137 1326 4189 Plu-

282 4217 401 4271 tarehum
419 4234 516 4288 magna
534 4214 596 4272 huic
615 4219 796 4273 exercitationi
814 4221 856 4274 lux
875 4223 1006 4277 accedit.“
1026 4222 1123 4275 Pace.
