3059 4925
515 487 708 538 rantuoxon
737 492 779 538 tv.
811 493 879 540 cur.
897 495 918 539 1.
1167 471 1250 546 169

191 651 253 704 loco
276 649 317 704 rel
341 650 410 705 dicta
439 649 477 704 vel
509 650 621 705 dicenda
649 659 725 715 eunt,
753 649 782 702 in
800 654 954 704 Excureum
983 663 1103 706 nostrum
1133 666 1238 707 sextum

191 737 335 791 reiicienda
354 739 405 792 visa
425 738 484 792 sint.
529 737 621 791 Unum
640 735 665 789 h.
683 738 701 790 Ι.
721 735 806 803 addo,
830 739 859 791 in
877 757 933 790 uno
952 736 1012 791 Atdi
1032 739 1090 793 cod.
1117 752 1176 812 post
1192 743 1241 793 ‹ie-

192 836 304 877 mentem
323 824 442 879 additum
457 844 513 878 esse
527 824 631 876 iudico:
650 842 665 876 a
682 823 787 878 duobus
803 827 894 880 abesse
910 835 937 877 et
950 835 1011 879 ante
1027 826 1161 883 insanum.
1180 829 1210 881 tlt
1218 850 1239 884 r.

264 899 467 965 'tolerantia
490 931 578 966 rernm
596 912 793 969 humanarum,
818 913 1076 982 contemptione
1095 914 1239 984 fortunae]
1287 925 1289 932 '

193 998 242 1065 „ld
254 1007 291 1051 est
310 998 433 1068 patientia
452 1018 544 1052 earum
562 1016 662 1061 rerum,
682 1015 751 1067 quae
765 997 888 1052 adversae
907 999 1059 1054 hominibus
1075 1002 1207 1056 eveniunt.
1220 1003 1241 1057 l.

195 1085 228 1137 de
245 1083 305 1138 Oli.
322 1085 442 1153 [anon]
480 1086 598 1152 Omnino,
618 1083 713 1156 inquit,
729 1084 818 1155 sortis
836 1088 942 1139 unimus
959 1099 987 1139 et
1005 1106 1120 1160 mugnus
1136 1089 1250 1143 duabus

195 1171 273 1222 rebus
291 1172 403 1226 mxime
422 1174 554 1237 cernitur,
578 1190 693 1244 quarum
712 1174 820 1228 unuin
843 1193 931 1226 rerum
956 1185 1129 1229 externarum
1153 1177 1241 1247 despi-

195 1259 292 1311 cientia
308 1260 434 1328 ponitur,
454 1279 536 1331 quum
550 1277 712 1329 persuasum
729 1260 767 1311 sit
785 1261 855 1313 nilrii
872 1262 1016 1328 nominem,
1033 1263 1087 1316 nisi
1103 1264 1176 1335 quod
1192 1264 1242 1315 iio-

194 1356 298 1397 nestum
324 1346 496 1418 decorumque
520 1349 573 1414 sit,
605 1356 658 1399 out
683 1347 815 1401 admirari
839 1360 890 1401 aut
915 1360 1036 1419 expetere
1058 1361 1187 1419 oportere.
1207 1381 1241 1391 —
1296 1349 1298 1354 ’

195 1435 414 1501 contemptionem
432 1434 503 1506 apud
523 1433 682 1489 Ciceronem
700 1454 795 1506 saepe,
821 1447 999 1506 contemptum
1017 1456 1078 1490 raro
1097 1437 1149 1491 dici
1168 1437 1241 1491 inve-

194 1521 277 1574 niae.“
303 1521 379 1574 Frc.
395 1520 486 1592 Sylv.
537 1522 730 1592 „Transpones
756 1524 887 1590 sapientis
913 1524 1019 1576 animus
1043 1553 1078 1564 -
1096 1535 1242 1577 contem-

194 1609 289 1661 tione
305 1627 393 1661 rerum
402 1609 591 1671 humanarum,
611 1608 812 1659 tolerantia
827 1609 958 1677 fortunae
968 1638 1003 1648 —
1015 1620 1136 1680 saeptus,
1152 1612 1242 1663 vince-

194 1693 260 1747 tur?
280 1694 348 1749 Nam
360 1714 466 1766 semper
482 1693 578 1747 Cicero
596 1693 660 1748 dicit
677 1694 866 1746 reehumonas
884 1706 1110 1761 contemnere,
1127 1698 1242 1750 tolerare

188 1783 344 1853 fortunam.
375 1783 435 1836 Vid.
449 1782 482 1835 de
498 1782 575 1836 Orat.
585 1779 618 1847 ΙΙ,
631 1785 676 1835 84.
691 1780 724 1834 de
737 1779 823 1834 Ollio.
832 1778 884 1847 tt,
892 1784 936 1837 18.
944 1786 988 1836 20.
997 1784 1039 1835 21.
1053 1793 1079 1836 et
1092 1782 1242 1837 Bentleium

194 1869 228 1921 ad
246 1869 341 1923 Tuscc.
360 1869 491 1940 Displv,
506 1872 555 1923 28:
575 1868 632 1935 [Est
650 1866 703 1920 ibi:
722 1868 843 1918 hemana
855 1868 943 1921 omnia
957 1880 1178 1938 prementem,
1197 1868 1243 1921 ubi

194 1955 299 2011 Ruhnlr.
315 1976 377 2011 cum
395 1956 531 2010 nonnullis
543 1955 635 2026 legisse
651 1953 754 2007 videtur
771 1965 952 2022 spernentem
972 1954 1098 2009 nimirum
1117 1955 1144 2008 id
1154 1971 1242 2007 mem-

196 2043 246 2115 plis
263 2045 348 2099 allatis
366 2044 571 2099 commendabat
588 2040 734 2109 Bentleius,
753 2041 829 2093 cuius
849 2042 1051 2096 annotationem
1071 2042 1129 2096 vide
1146 2042 1174 2094 in
1193 2040 1242 2093 Ed.

195 2141 301 2198 clostra,
318 2132 350 2184 Τ.
369 2130 414 2184 Ill.
434 2152 460 2201 p.
478 2130 573 2198 337.]“
597 2127 774 2181 Ruhnken.
803 2127 836 2180 ad
855 2127 936 2183 Rutil.
962 2130 1029 2199 Lup.
1055 2150 1080 2200 p.
1096 2132 1158 2182 108.
1192 2127 1242 2181 Se-

196 2219 250 2272 cuti
266 2230 328 2272 sunt
345 2220 501 2273 seutentiam
520 2215 671 2270 Ruhntenii
690 2215 842 2281 Schiiteius,
862 2215 975 2282 Gernb,
993 2216 1119 2287 Borgers,
1137 2227 1164 2268 et
1179 2226 1243 2268 ante

196 2307 314 2361 basiam
335 2306 484 2362 Wetuelius.
522 2305 606 2374 Quasi
626 2323 698 2371 vero,
717 2303 790 2375 quod
810 2303 914 2374 saepius
932 2303 995 2357 dixit
1013 2303 1119 2367 Cicero,
1137 2320 1243 2372 semper

196 2407 222 2450 et
239 2397 363 2450 omnibus
380 2394 446 2449 locis
463 2394 552 2448 dicere
569 2392 700 2444 debuerit.
737 2390 867 2458 Quamvis
878 2391 950 2443 enim
964 2390 1046 2460 Borg.
1056 2389 1122 2443 locis
1133 2408 1149 2441 a
1160 2387 1244 2440 Bent-

195 2482 247 2537 leio
265 2482 282 2535 l.
301 2482 320 2537 l.
346 2483 463 2537 collectis
486 2480 617 2534 addiderit
641 2479 738 2533 Tusce.
755 2475 790 2544 ΙΙ,
808 2482 841 2534 4:
875 2483 911 2530 Te
936 2489 1038 2530 nutura
1056 2507 1091 2516 -
1110 2478 1199 2528 altum
1216 2485 1244 2526 et

195 2570 346 2622 duntona
372 2571 622 2639 despicientem
645 2568 758 2643 gennit5
788 2566 816 2618 id
841 2585 897 2619 non
920 2565 1045 2637 impedit,
1075 2583 1129 2637 quo
1155 2563 1244 2616 minus

196 2669 287 2713 nostro
308 2657 369 2711 loco
387 2657 421 2711 de
439 2676 527 2710 rernm
544 2657 724 2709 humanarum
742 2654 947 2709 tolerantia
973 2653 1108 2725 loquatur.
1151 2650 1244 2720 Quid?
1268 2646 1270 2649 ¹

196 2744 270 2814 quod
288 2744 356 2798 alter
372 2745 449 2799 locus
465 2763 481 2796 a
500 2744 642 2815 Borgersio
661 2742 784 2797 laudatus
802 2740 934 2796 Codicum
953 2740 1091 2813 scriptioni
1109 2740 1191 2793 favet:
1210 2739 1244 2791 de

197 2828 380 2897 Fino.t,14:
404 2834 572 2901 Sapientiam
590 2850 647 2884 esse
671 2833 771 2897 solam,
796 2849 866 2901 quae
879 2831 1015 2901 fortunae
1047 2829 1146 2880 modice
1167 2828 1244 2898 serre

198 2919 292 2972 doceat
309 2919 440 2973 iniurius:
460 2938 521 2972 nam
541 2919 639 2971 modice
652 2918 731 2989 serre
749 2917 865 2969 iniurias
883 2927 923 2970 est
941 2934 996 2968 non
1014 2914 1127 2967 multum
1142 2931 1245 2976 curare,

197 3007 272 3061 nihili
293 3007 445 3081 aestimare,
473 3026 528 3059 non
547 3016 650 3061 tantum
675 3003 798 3058 tolerare.
843 3004 938 3075 Neque
963 3001 1035 3054 aliud
1063 2999 1127 3071 quid
1151 2997 1244 3051 suadet

197 3096 302 3161 tertius,
328 3114 407 3167 quem
425 3094 529 3161 laudat,
552 3093 628 3147 locus
645 3091 678 3144 de
695 3091 775 3145 Finn.
794 3091 841 3157 lV,
859 3094 886 3144 ἵ.
912 3090 958 3142 ubi
983 3099 1021 3141 est
1043 3087 1159 3140 iniurias
1178 3085 1245 3156 sor-

197 3194 280 3237 tnnoe
298 3202 482 3253 superare,
501 3181 573 3257 quod
593 3191 664 3234 certe
684 3179 768 3231 mains
789 3178 928 3249 quidpiam
947 3188 998 3242 est,
1018 3193 1100 3246 quam
1118 3171 1244 3223 tolerare.

197 3267 345 3325 Commode
363 3271 443 3325 etiam
461 3270 511 3324 Or.
529 3268 620 3323 laudat
637 3263 908 3331 Tusce.lll,16,34:
927 3265 1046 3314 humana
1058 3259 1152 3330 serre,
1171 3257 1243 3328 quod

198 3356 267 3410 idem
287 3371 324 3411 est
343 3359 376 3411 ad
399 3360 453 3412 Ao.
472 3359 532 3422 XV,
550 3362 585 3410 20
605 3356 666 3422 (sed
682 3356 801 3406 humano
815 3352 955 3423 serenda).
991 3347 1073 3416 Quod
1089 3356 1177 3399 autem
1197 3345 1245 3399 de·

198 3448 236 3501 dit
254 3447 374 3501 Nobbius
392 3440 496 3500 inverso
521 3445 632 3511 ordine,
661 3441 798 3514 ceteroqui
818 3451 847 3493 ut
865 3438 968 3492 Gernh.
986 3435 1133 3489 tolerantia
1145 3433 1245 3503 sortu-

198 3551 263 3599 nae,
282 3554 369 3586 rerum
387 3535 566 3586 humanarum
584 3532 791 3600 contemptione,
821 3530 849 3582 in
868 3548 900 3582 eo
917 3528 992 3581 illum
1020 3542 1120 3578 errasse
1145 3522 1245 3577 iudicat

199 3619 248 3672 Or.
274 3638 336 3675 cum
361 3622 471 3675 fortasse
489 3620 619 3674 Codicum
649 3617 792 3673 lectionem
811 3628 878 3671 essct
895 3616 1070 3670 restituturus.
1118 3613 1244 3665 Ceterum

197 3709 421 3779 Wyttenbachius
440 3728 548 3782 quoque
566 3729 581 3762 a
599 3705 751 3760 Ruhnkenii
771 3705 891 3780 partibus
908 3703 992 3768 stetit,
1010 3700 1117 3766 iisdem,
1149 3700 1246 3770 quibus

197 3792 256 3860 ille,
275 3797 423 3850 rationibus
440 3797 543 3850 ductus.
579 3795 716 3849 Bentleiue
733 3792 863 3847 coniecit:
880 3791 992 3862 Sapiens
1009 3788 1091 3855 animi
1111 3788 1246 3857 magnitu-

197 3882 276 3950 dine,
294 3885 418 3949 cormilio,
437 3885 598 3948 tolerantia,
616 3902 705 3935 rerum
723 3883 904 3934 itnnrancrum
922 3877 1130 3947 contemptione,
1156 3876 1246 3927 virto-

198 3973 270 4027 tibns
289 3975 400 4048 (lenique
419 3972 553 4040 omnibus,
572 3972 657 4025 deleta
675 3990 739 4025 voce
752 3971 898 4042 fortunae.
935 3966 994 4020 Mt.

268 4063 427 4131 tolerantia]
471 4063 534 4116 Duo
560 4061 633 4114 finxit
653 4059 749 4114 Cicero
776 4056 945 4112 atolerandi
972 4056 1052 4108 verbo
1070 4047 1246 4110 substantiva,

198 4150 324 4203 toleratio
341 4163 368 4204 et
385 4152 548 4205 tolerantia:
574 4161 688 4222 utroque
704 4147 785 4203 semel
804 4157 908 4200 tantum
926 4162 988 4199 usus
1006 4152 1058 4195 est:
1097 4136 1186 4207 priore
1213 4133 1246 4188 de

202 4235 282 4290 Finn.
300 4237 333 4303 ll,
354 4241 404 4304 29;
423 4239 585 4308 posteriore,
603 4239 654 4294 hoc
674 4239 744 4294 loco.
780 4235 839 4291 Mt.
