3059 4925
290 440 362 515 282
625 469 797 519 ιιιιιιιοιιι
824 470 1018 519 sroiconuu.

290 629 324 681 ab
343 627 392 681 alia
414 647 495 681 manu
515 629 691 699 superscripta
711 639 757 682 εει.
795 628 849 682 Pro
866 630 1011 684 exhaurire
1029 640 1067 683 εει
1084 630 1196 684 Ιιαιιτὶνε
1214 631 1242 683 in
1256 633 1343 686 Codd.

290 715 370 768 Drsd.
389 719 415 769 1.
435 718 476 781 3.,
495 716 567 787 quod
586 716 718 769 ferremus
735 716 806 787 apud
827 721 941 786 politam.
978 717 1033 772 Pro
1048 718 1154 786 possint
1172 731 1211 773 est
1225 734 1343 791 possunt

289 804 315 856 in
327 803 412 858 Codd.
434 806 491 856 Cre.
509 807 533 857 1.
552 804 632 858 Drsd.
651 808 683 869 55
702 804 729 858 in
749 806 808 857 Cra.
820 807 854 880 43.
873 814 985 875 queunt.
1022 804 1052 858 ln
1071 803 1121 858 Ox.
1141 805 1160 858 l.
1180 818 1218 860 est
1236 809 1341 861 exhau-

290 892 358 943 riri.
395 890 453 943 Mt.

358 981 430 1032 huna
448 1000 500 1051 quo
519 980 595 1034 modo
612 998 660 1050 ego
671 977 813 1048 appellabo
832 978 942 1032 divitem
950 957 1098 1050 ,llaegitur
1109 981 1181 1031 lianc
1199 984 1319 1052 quand
1324 1004 1339 1034 o

288 1086 336 1137 ego
354 1067 494 1136 appellabo
512 1067 539 1119 in
559 1067 645 1124 codd.
664 1066 724 1122 Cra.
743 1071 769 1120 2.
787 1065 852 1120 Οιι.
871 1066 900 1122 Ε.
919 1086 944 1122 a.
965 1068 1044 1121 Drsd.
1064 1070 1088 1121 3.
1107 1067 1177 1122 Edd.
1195 1087 1268 1139 pra,
1295 1088 1339 1140 ap.

289 1159 372 1212 Meus.
392 1156 461 1212 Vict.
485 1155 555 1210 Rob.
573 1154 666 1227 Stepl.
693 1157 762 1209 Ven.
779 1158 857 1210 1412.
876 1158 956 1210 1314.
975 1155 1053 1210 fleto.
1081 1155 1146 1227 Arg.
1173 1156 1234 1210 Par.
1259 1160 1339 1210 15111.

287 1241 366 1298 itta.
385 1244 470 1316 Lugd.
515 1243 601 1298 Error
615 1244 673 1300 sine
697 1244 781 1300 dubio
799 1262 829 1298 ει
848 1262 991 1315 perperam
1019 1243 1093 1298 lectis
1110 1244 1244 1298 scribendi
1263 1263 1339 1298 ooni-

202 1395 208 1404 δ
288 1332 391 1404 pendiis
419 1343 494 1385 ortus
517 1343 570 1398 εει,
598 1351 678 1405 quem
705 1352 719 1387 a
746 1331 867 1386 Victorio
896 1350 951 1384 non
976 1350 1032 1386 esse
1057 1342 1209 1386 correctum
1228 1331 1340 1385 mireris.

287 1419 337 1473 Cra
363 1424 388 1473 1.
414 1421 485 1474 leuno
504 1439 553 1491 ego
572 1440 624 1492 quo
642 1420 718 1474 modo
736 1421 845 1474 divitem
863 1420 1013 1489 appellabo.
1056 1419 1137 1474 Drsd.
1156 1423 1181 1473 4.
1201 1419 1273 1472 hunc
1289 1439 1338 1490 ego
1371 1433 1374 1439 '

287 1510 396 1560 divitem
413 1508 562 1578 appellabo.
598 1509 706 1563 Suerin.
726 1509 853 1579 appello.
889 1506 962 1562 Gud.
975 1508 1008 1560 A.
1025 1509 1189 1577 sapientem,
1208 1526 1257 1577 pro
1269 1508 1337 1561 divi·

286 1607 354 1648 tem:
374 1596 446 1669 quod
456 1607 495 1650 est
511 1597 668 1653 correstoris
685 1597 782 1668 inepti.
800 1596 850 1649 Οι.
861 1598 881 1650 l.
901 1615 1016 1668 quonam
1034 1596 1110 1648 modo
1129 1615 1179 1666 pro
1190 1615 1243 1667 quo
1254 1596 1337 1660 inodo,

286 1684 402 1755 denique
427 1684 477 1739 Ox.
494 1701 524 1746 ψ.
551 1684 623 1736 hunc
650 1704 713 1737 non
739 1683 882 1754 appellabo
901 1685 1025 1736 divitem:
1051 1685 1096 1737 ubi
1116 1684 1186 1737 vides
1201 1685 1338 1755 scriptoris

287 1772 364 1824 verba
383 1783 485 1828 extrusa
504 1792 558 1826 esse
576 1773 609 1825 ab
629 1772 783 1843 interpretis
801 1771 887 1843 glossa
901 1790 1107 1842 supervacanea.
1144 1770 1202 1824 Μι.

357 1880 439 1931 quum
456 1862 512 1930 ipse
530 1879 605 1933 egere
623 1879 651 1915 se
667 1860 802 1930 sentiat?]
840 1861 903 1914 Post
920 1846 991 1930 ipis,
1020 1860 1120 1914 lectore
1140 1859 1204 1914 nihil
1224 1861 1336 1926 monito,

286 1945 418 2001 Gruterus
435 1947 537 2002 addidit
553 1950 650 2016 etiam,
675 1949 747 2021 quod
767 1958 905 2002 servarunt
924 1947 1039 2001 editores
1056 1968 1132 2020 seqq.
1173 1946 1333 2014 Gronovius,

286 2033 416 2087 Graevius
440 2036 500 2106 (qui
526 2055 580 2088 non
600 2036 651 2089 luit
668 2036 787 2105 primus,
813 2047 843 2088 ιιι
861 2035 1002 2106 suspiceris
1030 2055 1061 2088 ex
1079 2035 1129 2089 Or.
1148 2034 1334 2104 annotatione)

288 2123 369 2177 Verb.
388 2123 451 2175 Ern.
470 2124 546 2177 Faco
557 2123 628 2177 Otiv.
647 2123 743 2195 reliqui
764 2143 848 2195 usque
868 2123 902 2176 ad
920 2123 1012 2194 Borg.,
1032 2124 1078 2176 sed
1098 2125 1151 2176 iarn
1162 2122 1263 2176 Gernh.
1275 2143 1334 2176 earn

287 2228 378 2261 vocem
399 2210 504 2263 uncinis
528 2210 649 2276 inclusit,
676 2230 756 2281 quam
778 2230 832 2263 non
852 2222 1003 2282 agnoscunt
1020 2210 1087 2263 Edd.
1115 2212 1233 2283 itemque
1251 2211 1336 2264 Codd.

286 2297 342 2349 sere
361 2317 470 2364 omnes,
489 2310 594 2369 praeter
612 2297 662 2351 Ox.
681 2298 714 2352 N.
734 2297 807 2350 Gud.
826 2298 859 2351 Α.
877 2309 903 2351 ει
921 2298 1000 2351 Drsd.
1019 2301 1044 2352 3.
1072 2298 1178 2352 Abiecit
1204 2301 1268 2352 item
1286 2298 1336 2352 Or.

286 2396 312 2437 ει
330 2396 389 2455 post
417 2404 478 2439 eum
502 2385 551 2438 Ed.
570 2386 641 2440 Tbn.
689 2387 718 2440 ln
738 2387 811 2440 Gud.
828 2386 860 2440 B.
890 2398 916 2440 ει
940 2386 1020 2439 Drsd.
1039 2392 1064 2440 2.
1087 2391 1114 2441 4.
1139 2399 1176 2441 εει
1201 2406 1229 2439 se
1251 2405 1335 2458 egere,

261 2477 264 2480 ’
285 2493 351 2528 sono
367 2473 456 2528 minus
473 2485 548 2546 grato
567 2477 637 2545 (ipse
656 2495 683 2529 se
703 2482 801 2548 egere).
839 2475 896 2529 Μι.

357 2563 443 2616 Mutii
460 2582 493 2614 ex
511 2575 538 2615 te
558 2564 718 2627 audierunt,
746 2584 829 2637 quum
848 2564 973 2631 dicerrs‚]
1015 2566 1076 2627 „Ex
1094 2574 1135 2628 te,
1158 2583 1194 2617 sc.
1214 2564 1335 2618 Crasse.“

285 2650 350 2703 Ern.
388 2651 429 2704 Ad
447 2651 610 2705 locutionem
630 2652 736 2705 confert
753 2651 835 2720 Borg.
853 2648 910 2704 Cic.
929 2650 962 2701 de
981 2648 1031 2703 Or.
1050 2649 1083 2716 ll,
1102 2653 1150 2705 83:
1173 2653 1264 2703 Exeo
1282 2671 1335 2703 au-

286 2737 354 2803 divi,
373 2758 455 2810 quum
474 2739 589 2802 dicerem
610 2739 642 2792 ad
661 2738 766 2790 Fanim.
786 2735 831 2801 lll,
850 2741 883 2788 ¹1:
913 2736 943 2789 A
960 2737 1104 2787 Pausania
1122 2737 1232 2800 audivi,
1252 2758 1336 2809 quum

287 2826 384 2877 diceret
391 2845 401 2886 ‚¹
421 2826 455 2879 de
469 2825 549 2879 Finn.
570 2828 603 2891 V,
622 2829 665 2893 19,
684 2830 733 2879 ot:
753 2823 885 2897 Equidem
902 2842 917 2875 e
936 2819 1114 2889 Cn'Aufldio
1132 2851 1167 2864 -
1185 2842 1263 2893 saepe
1281 2843 1337 2875 uu-

285 2913 401 2977 diebam,
429 2935 511 2988 quum
529 2932 557 2968 se
576 2944 611 2956 -
631 2914 728 2966 nieveri
754 2913 860 2967 diceret.
879 2942 913 2953 -
952 2910 1039 2964 Codd.
1055 2910 1135 2964 Drsd.
1154 2915 1181 2965 l.
1201 2915 1226 2966 3.
1255 2912 1338 2964 multi

284 3003 371 3054 enim
389 3005 536 3056 audierunt
553 3022 586 3054 ex
605 3013 640 3055 te.
677 3001 755 3055 Drsd.
774 3006 804 3055 δε
830 3001 910 3052 multi
926 3019 960 3051 ex
978 3012 1006 3052 te
1022 3001 1117 3052 audire
1134 2999 1197 3069 (sic)
1215 3019 1274 3053 cum
1288 3020 1336 3053 ne-

284 3090 377 3141 minem
402 3091 500 3143 diceres
522 3109 579 3143 esse
607 3090 732 3156 divitem,
759 3090 806 3161 qui
829 3088 942 3157 (omisso
971 3089 1038 3154 nisi)
1062 3107 1148 3141 exerc.
1166 3100 1217 3143 ete.
1263 3089 1334 3141 'l'urn

284 3177 363 3231 Drsd.
382 3182 409 3232 4.
425 3180 482 3230 suis
495 3176 639 3248 fructibus
657 3178 729 3231 alere
745 3187 851 3248 posset,
868 3177 949 3231 Drsd.
970 3182 995 3230 2.
1014 3178 1085 3229 alere
1101 3178 1230 3246 possit.
1257 3177 1335 3230 Suer.

280 3277 373 3334 posset
391 3266 476 3330 alere,
495 3265 589 3319 Duisb.
609 3266 698 3319 dicens
717 3287 769 3339 pro
788 3285 847 3318 cum
867 3266 976 3318 diceres·
1023 3265 1089 3320 Οιι.
1106 3264 1137 3318 Ε.
1154 3285 1187 3327 ψ,
1217 3286 1257 3318 ex
1276 3267 1334 3319 suis

280 3351 430 3430 fructidus.
465 3350 536 3406 Gud.
556 3353 588 3411 Α.
602 3353 746 3424 fructibus
764 3355 831 3408 suis.
850 3352 910 3406 Mr.
946 3357 1050 3425 „Egere
1074 3354 1139 3410 dicit
1157 3354 1252 3410 Cicero
1270 3375 1334 3427 gra-

284 3441 349 3492 viter
368 3459 446 3505 eum,
475 3441 521 3511 qui
540 3442 629 3513 cupit,
661 3442 733 3513 quod
754 3441 923 3506 nonhabet,
956 3443 1000 3494 cui
1019 3442 1140 3495 nondum
1158 3444 1219 3497 satis
1238 3454 1282 3496 est
1299 3472 1334 3486 -

284 3527 362 3596 Quae
380 3539 543 3601 sequuntur,
573 3529 630 3582 cte.
648 3530 681 3582 de
700 3528 758 3583 Otf.
776 3527 798 3597 l,
816 3533 842 3584 8.
860 3529 899 3582 sic
916 3528 1013 3583 referte
1041 3540 1073 3580 ut
1091 3548 1176 3599 nuper
1193 3533 1234 3583 M.
1253 3533 1334 3582 Gras-

284 3637 331 3669 sus
349 3616 468 3689 negabat
486 3617 571 3669 ullam
588 3617 659 3671 satis
679 3636 805 3690 magnam
827 3617 970 3686 pecaniam
988 3617 1100 3682 essaei,
1124 3617 1218 3688 quiin
1236 3635 1264 3668 re
1279 3634 1333 3686 pu-

285 3698 354 3755 blica
369 3707 494 3776 princeps
512 3706 592 3758 vellet
607 3725 676 3773 esse,
695 3708 772 3759 cuius
787 3705 932 3778 fructibus
950 3704 1096 3756 exercitum
1113 3704 1185 3755 alere
1202 3722 1255 3755 non
1268 3723 1335 3773 pos-

284 3792 354 3845 set.⁴‘
371 3793 477 3863 Wytt.
519 3795 609 3848 Verba
628 3796 714 3851 Crassi
733 3796 771 3849 sic
794 3795 899 3848 Graece
918 3791 1033 3845 reddidit
1050 3790 1208 3845 Plutarchus
1225 3790 1252 3844 in
1273 3792 1333 3845 Vita

285 3879 372 3930 Crassi
390 3883 422 3931 2:
451 3877 544 3937 ’Erotes
569 3879 640 3935 d'orlu
659 3872 703 3949 ati,
729 3881 760 3935 ad
787 3886 887 3952 μηδένα
912 3879 1022 3944 νομίζειν
1047 3882 1114 3949 μηδὲ
1138 3880 1244 3941 φάσκειν
1269 3873 1334 3932 εἶναι

286 3963 421 4032 πλούσιον,
438 3964 465 4024 ὃς
482 3967 513 4019 oo'
531 3971 642 4024 daleam
659 3976 760 4041 τρέφειν
779 3968 831 4023 dno*
849 3973 897 4039 τῇς
917 3966 1007 4026 οὐσίας
1024 3964 1210 4038 στρατόπεδον.
1259 3966 1332 4019 ldem

285 4053 374 4109 retulit
394 4053 496 4107 Plinius
514 4055 544 4108 N.
563 4056 595 4110 11.
614 4059 731 4125 xxxin,
751 4063 800 4123 111..
814 4058 884 4112 Sect.
903 4061 949 4111 41.
968 4078 994 4128 p.
1007 4059 1068 4110 638.
1086 4055 1180 4108 Hard.:
1199 4060 1240 4109 M.
1253 4060 1334 4109 Cras·

285 4163 332 4196 sus
350 4143 468 4215 negabat
486 4143 642 4213 locupletem
661 4165 730 4210 esse,
756 4150 810 4198 nisi
828 4147 874 4216 qui
891 4146 980 4199 reditu
1007 4163 1100 4199 animo
1117 4144 1245 4216 legistam
1262 4145 1336 4196 tueri

282 4244 382 4300 posset.
399 4230 459 4286 Mr.
491 4233 594 4297 „Alere
611 4231 674 4286 dicit
693 4235 805 4300 Cicero,
826 4234 897 4304 quod
917 4245 955 4288 est
972 4233 1069 4287 latinae
1087 4232 1263 4305 proprietatis,
1284 4251 1334 4301 pro
