3059 4925
587 498 784 547 sarsooxon
805 501 846 547 n.·
1189 485 1240 556 99

188 655 307 708 Platonis
329 654 496 720 Menexeno,
522 659 539 710 i.
559 678 581 711 e.
605 660 711 713 funebri
737 660 871 723 oratione,
901 681 927 730 p.
945 664 1007 715 4⁰8.
1025 660 1062 735 [p.
1081 667 1141 716 141.
1176 677 1239 718 extr.

188 742 294 814 Steph.;
323 763 349 814 p.
363 747 425 797 4⁰2.
443 744 474 797 P.
488 743 521 812 ll,
540 749 565 801 3.
592 744 720 813 Bellona
744 747 776 801 T.
797 748 829 799 V.
851 768 876 818 p.
895 750 956 802 301.
976 748 1057 820 Βίρ.].
1090 739 1239 822 Ὅτῳγιῖρ

188 827 266 899 luant
283 834 319 888 sie
337 828 429 882 istoria
447 829 593 903 α’νὴρτηται
610 834 697 890 πάντα
714 833 749 888 ‘cci
768 834 833 906 apic
850 833 1016 897 εὐδαιμονίαν
1034 841 1145 907 φέροντα
1162 839 1183 909 ἤ
1198 845 1240 906 37-

188 916 235 983 7rie
252 914 362 979 totiens,
391 925 435 971 sel
452 917 489 989 μή
510 925 536 974 ἓν
554 920 644 983 ἄλλοις
668 919 819 994 ἀνθρώποις
843 927 991 994 αἰωρεῖται,
1018 927 1042 983 ἓξ
1067 910 1102 976 eis
1126 927 1147 995 ἤ
1169 914 1199 978 esi
1223 928 1243 995 ’i'

189 1013 272 1065 κακῶς
289 1004 442 1077 πραξάντων
459 1011 613 1063 πλανᾶσθαι
629 1005 793 1081 ἠνάγκασται
816 1017 861 1063 nul
879 1010 1011 1079 τάκείνου,
1039 1012 1125 1079 τούτῳ
1144 1011 1240 1083 ἄραντα

189 1091 395 1164 παρεσκεύασται
412 1095 460 1168 ζῆν
477 1119 500 1153 κ.
519 1117 544 1152 α.
564 1100 587 1154 l.
606 1115 669 1153 nam
687 1110 759 1153 totus
778 1099 853 1153 locus
871 1097 971 1153 Tusca.
989 1100 1024 1165 V,
1043 1103 1086 1153 11.
1105 1120 1133 1152 er
1152 1100 1237 1177 Grac⁴

189 1184 226 1236 cis
243 1183 275 1236 ad
296 1185 406 1237 verbum
424 1201 567 1239 conversus
585 1196 631 1240 est.
668 1186 741 1254 [Vid.
758 1186 801 1240 ed.
820 1196 902 1240 nostr.
921 1181 1008 1240 T.ttt.
1026 1191 1097 1256 nto
1115 1206 1156 1259 sq.
1172 1188 1237 1259 ibiq.

188 1282 289 1325 annott.
308 1283 392 1326 nostr.
411 1272 484 1341 Mn]
511 1291 629 1347 eumque
647 1273 705 1328 aliis
723 1275 803 1329 etiam
827 1275 856 1327 in
874 1273 950 1327 libris
967 1275 1084 1327 imitatus
1102 1286 1151 1328 est:
1171 1293 1239 1347 quos

188 1360 296 1430 quidem
315 1360 390 1413 locos
407 1360 535 1415 Graevius
554 1363 698 1428 annotavit,
718 1379 770 1415 nec
789 1372 878 1416 tamen
896 1362 997 1415 sontem
1018 1361 1136 1414 Platonis
1149 1374 1238 1415 osten-

187 1446 252 1500 dit.“
271 1448 518 1519 Wyttenhach.
563 1450 631 1504 Add.
649 1449 801 1504 Gsrnbard.
820 1451 852 1504 ad
877 1450 934 1506 cic.
959 1451 992 1503 de
1013 1447 1072 1502 Olf.
1092 1450 1111 1515 Ι,
1131 1453 1174 1514 18,
1193 1454 1237 1504 61.

188 1534 220 1606 ρ.’
232 1541 276 1589 ta.
312 1537 408 1589 Parad.
427 1538 461 1603 V,
482 1543 513 1592 t:
532 1540 615 1593 Cuius
635 1540 723 1592 omnia
741 1539 852 1590 consilio
872 1556 965 1610 resque
983 1555 1086 1600 omnes,
1104 1553 1173 1608 qnos
1190 1555 1236 1606 ge-

187 1623 238 1685 rit,
257 1621 291 1672 ab
308 1624 365 1691 ipso
379 1625 591 1693 proficiscuntur
608 1627 747 1696 eodemque
761 1625 905 1694 seruntur.
941 1624 1002 1679 ΜΡ.

257 1720 340 1779 optus
357 1727 390 1762 ex
408 1714 475 1780 sese]
495 1713 538 1766 cul
558 1733 587 1766 ex
606 1731 635 1767 se
651 1713 709 1783 ipso
727 1725 788 1783 apta
809 1721 834 1766 et
858 1711 953 1766 iuncta
974 1712 1079 1775 omnia,
1109 1711 1154 1781 qui
1181 1729 1237 1764 non

185 1795 265 1850 habet
282 1797 443 1852 extrinsecus
461 1819 600 1873 suspensas
618 1801 720 1854 vivendi
739 1801 870 1867 rationes,
891 1812 921 1853 ut
939 1799 1001 1853 alibi
1021 1799 1148 1869 loquitur.
1185 1797 1235 1851 Hic

185 1895 273 1939 autern
293 1906 363 1939 unus
379 1887 474 1942 virtute
493 1889 627 1961 praeditus
645 1888 698 1943 dici
717 1899 819 1960 potest,
840 1900 873 1956 et,
890 1889 966 1961 quod
986 1886 1167 1958 consequitur,
1186 1881 1234 1937 nri·

185 1968 292 2042 νάρκης.
328 1974 425 2029 Face.

257 2062 355 2132 quique
373 2064 401 2114 in
425 2081 454 2116 es
473 2081 526 2115 uno
550 2081 602 2115 suc
617 2065 695 2133 ponit
722 2066 832 2130 omnim]
858 2062 926 2116 Cod.
943 2062 1003 2116 Cn,
1021 2065 1047 2117 3.
1072 2062 1132 2133 qui
1156 2063 1185 2112 in
1208 2079 1236 2112 se

186 2167 256 2209 uno,·
275 2146 334 2202 Cra.
355 2153 380 2203 1.
399 2150 493 2221 quive
507 2152 586 2220 ponit
604 2153 632 2202 in
650 2171 679 2202 se
697 2171 750 2203 uno
769 2153 857 2204 omnio
875 2170 926 2203 suo
945 2152 956 2201 i
961 2170 981 2204 n
997 2168 1044 2202 ss:
1072 2148 1118 2202 sed
1136 2148 1236 2219 repeti·

185 2246 240 2287 tum
259 2236 385 2289 iassab
404 2236 437 2290 sl.
457 2256 491 2290 m.
510 2251 671 2309 expunctum
690 2251 744 2302 est,
770 2237 828 2291 Cra.
848 2241 872 2290 2.
905 2239 1004 2308 quique
1024 2238 1052 2289 in
1069 2256 1097 2287 ss
1116 2255 1169 2287 uno
1186 2254 1234 2304 po-

184 2325 227 2375 nit
244 2325 332 2376 omnio
351 2343 417 2389 suo,
436 2343 499 2379 cum
517 2325 596 2380 Drsd.
616 2329 658 2391 5.;
677 2325 786 2379 Suerin.
802 2326 879 2393 ponit
900 2342 951 2375 sno
972 2324 1068 2376 omnic.
1102 2321 1164 2375 ΜΓ.

149 2459 155 2468 ,
255 2410 338 2462 Cuius
356 2421 446 2464 autem
464 2431 524 2484 spes
542 2414 635 2481 omnis]
654 2414 722 2477 „Cui
736 2429 796 2465 vero
814 2429 874 2481 spes
892 2412 989 2472 omnis,
1009 2422 1068 2464 tres.
1107 2410 1156 2460 Cui
1174 2426 1234 2477 spes

186 2500 282 2557 omnia,
301 2500 436 2555 tredecim.
485 2503 568 2553 Cuius
586 2518 647 2569 spes
665 2500 761 2563 cornis,
787 2509 849 2551 tres.
899 2498 949 2548 Cui
972 2515 1042 2568 qnae
1058 2515 1119 2566 spes
1136 2489 1234 2559 'omniq

185 2606 262 2641 unus.
286 2589 382 2643 male.“
401 2589 473 2643 ΑΜ.
498 2589 586 2642 Man.
637 2588 684 2641 Est
709 2589 736 2640 in
764 2586 823 2639 Cra.
851 2589 875 2641 3.
901 2587 945 2637 cni
963 2596 1078 2637 nutem
1102 2602 1178 2653 spes,
1205 2584 1233 2636 in

184 2672 235 2728 Os.
255 2675 273 2727 Ι.
291 2678 403 2748 cuique
421 2696 495 2746 spes,
515 2678 542 2730 in
562 2676 611 2730 Or.
631 2697 656 2746 η.
675 2693 705 2738 ψ.
724 2675 806 2728 Drsd.
824 2681 849 2728 1.
868 2674 912 2725 cui
930 2692 1009 2725 vero
1026 2691 1102 2743 spes,
1121 2671 1233 2726 nnus.

184 2764 227 2813 rui
245 2781 326 2815 vero
344 2765 427 2816 oannis
445 2784 521 2834 spes,
539 2784 600 2819 cnm
620 2760 693 2818 Gud.
712 2764 746 2817 B.
763 2765 791 2816 in
811 2763 883 2816 Gud.
902 2763 934 2815 Α.
972 2762 1022 2814 eut
1040 2779 1100 2829 spes
1117 2762 1232 2816 animi.

183 2848 305 2903 Nostram
323 2849 479 2917 lectionem,
500 2872 552 2923 qua
573 2854 734 2907 omittuntur
753 2852 915 2922 particulae,
934 2868 996 2903 cum
1015 2848 1142 2902 tredecim
1160 2849 1232 2916 Atdt,

182 2934 280 2989 babent
297 2936 382 2991 Codd.
400 2937 465 2993 On.
484 2950 600 3011 quatuor
618 2938 730 3010 reliqui,
749 2938 809 2991 Cra.
822 2942 848 2991 1.
864 2943 890 2991 2.
908 2936 1002 2990 Duisb.
1012 2932 1119 2989 Suerin.
1129 2947 1154 2989 et
1164 2935 1232 2991 Edd.

183 3022 253 3078 Vict.
270 3024 338 3076 Rob.
355 3024 447 3098 steph.
465 3026 551 3081 Sullr.
568 3028 639 3080 Petr.
658 3026 736 3081 Grut.
759 3039 786 3081 et
803 3027 926 3096 (excepto
945 3023 1060 3078 Facciol.
1080 3024 1126 3094 qui
1153 3023 1232 3078 habet

183 3112 287 3163 ouius
305 3123 423 3163 antem
442 3132 514 3182 spes,
536 3132 597 3167 cum
617 3126 678 3167 vett.
699 3114 815 3184 aliquot)
832 3131 906 3184 seqq.
931 3111 1052 3175 Paucae,
1072 3111 1132 3162 Aac.
1153 3112 1231 3163 1511.

183 3197 266 3252 Paris
290 3218 310 3252 s.
334 3218 357 3252 s.
383 3196 699 3257 Lamb.Colon.'1.'t⁴ltl.
728 3201 828 3254 habent
856 3202 900 3251 cni
926 3218 1004 3250 vero
1032 3215 1134 3256 omnes,
1165 3194 1232 3248 aliae

182 3302 244 3340 cum
261 3282 338 3339 Face.
356 3282 455 3342 babent
474 3288 574 3341 cuius
591 3299 710 3340 cutem
728 3304 788 3357 spes
807 3288 906 3345 omnis,
934 3295 963 3336 ut
981 3286 1042 3337 Car.
1060 3281 1152 3353 Steplr.
1170 3281 1230 3334 ΑΜ.

182 3376 261 3429 tata.
279 3374 390 3429 Lambb.
409 3372 488 3430 Goth.
506 3374 582 3448 syth.
607 3372 638 3428 ll.
658 3370 744 3427 Woll.
769 3374 815 3446 qui
834 3374 874 3425 sir
893 3370 1052 3444 plerumque
1075 3368 1147 3420 aliud
1167 3369 1231 3439 quid

181 3460 209 3512 in
226 3462 351 3517 lemmate
369 3465 550 3518 annotationis
565 3463 644 3517 hahet
661 3463 700 3531 (h.
715 3463 732 3515 l.
753 3462 811 3530 cui)
830 3479 911 3533 quam
929 3459 958 3512 in
976 3456 1115 3517 contextim
1135 3455 1231 3525 reliqui

181 3564 274 3604 ornnes
289 3548 391 3604 liabent
408 3553 453 3602 cui
469 3561 587 3603 autem
604 3568 665 3620 spes
683 3550 774 3602 omnis.
822 3549 911 3601 Verba
938 3557 965 3598 st
984 3546 1056 3597 ratio
1082 3543 1177 3596 desum
1202 3542 1230 3594 in

180 3637 261 3690 Drad.
279 3642 305 3692 4.
323 3643 348 3693 5.
384 3638 454 3705 sed,
472 3650 503 3692 ut
521 3649 614 3693 nostro
632 3638 708 3703 loco,
739 3638 789 3690 tria
807 3636 873 3690 baec
892 3634 976 3687 iunxit
994 3631 1152 3686 substantive
1171 3628 1230 3683 cie.

180 3726 209 3778 in
227 3724 278 3779 Or.
297 3745 348 3797 pro
366 3725 457 3780 Plano.
476 3729 524 3781 23:
550 3727 609 3779 olio
631 3737 658 3778 ts
678 3727 788 3788 rasio,
810 3724 869 3775 atta
888 3721 1071 3794 cogitatio
1087 3719 1126 3769 cd
1142 3735 1232 3786 spem

181 3812 262 3864 huius
288 3814 452 3882 opprimendi
469 3815 609 3868 excitavit.
627 3811 740 3867 Goon.
757 3831 791 3864 ex
803 3813 924 3883 fortuna
942 3807 1047 3879 pendet.
1084 3804 1135 3859 01.
1154 3823 1184 3867 ψ.
1201 3806 1239 3873 in¹

180 3918 254 3972 seqq.
279 3901 377 3969 pendet
394 3911 429 3952 et
450 3900 579 3971 fortuna.
625 3901 674 3955 Ed.
694 3900 744 3952 Th.
768 3898 881 3952 Bentleii
905 3907 965 3968 post
981 3895 1102 3964 fortuna
1130 3893 1227 3963 pergit:

181 3989 238 4040 cui
262 3984 333 4040 nitit
349 4012 384 4028 -—
410 3988 496 4050 diem
529 4004 589 4039 eum
617 3998 648 4039 tn
676 3984 806 4039 hominene
831 3996 881 4040 etc.
922 3982 993 4035 Turn
1017 3980 1103 4034 Codd.
1127 3977 1188 4030 Cra·
1205 3982 1227 4027 1·

180 4071 260 4126 Drsd.
279 4078 304 4127 1.
322 4078 347 4130 3.
372 4075 435 4127 tuic
449 4076 518 4128 nittt
535 4084 624 4145 potest
642 4093 698 4128 esse
716 4084 861 4126 certum.
898 4072 957 4147 Mr.

251 4161 332 4225 nihil,
352 4181 415 4232 quo
433 4164 603 4232 exploratum
620 4161 722 4215 lrabeat
741 4163 788 4229 -—]
808 4159 872 4228 „Est
890 4150 904 4212 a
924 4156 1029 4210 duobus
1045 4153 1109 4206 Pall.
1123 4159 1230 4202 seuten-

180 4249 215 4301 tia
234 4261 288 4302 tam
308 4249 442 4320 expedita,
467 4262 497 4304 ut
515 4251 548 4304 ds
567 4252 623 4306 eius
642 4252 750 4306 veritate
770 4252 880 4304 verbum
898 4246 987 4299 facere
1004 4251 1229 4310 supervacaneum

898 4332 945 4403 7,
