3059 4925
296 469 343 544 22
426 487 433 494 ·
630 492 806 540 rennuunt
835 492 1032 543 sr01c0nun.

294 676 351 729 pcc.
363 655 523 728 Montano.
541 647 753 705 comitatum
768 651 851 717 Petri,
871 663 897 705 et
916 647 980 705 inde
997 670 1012 705 a
1026 652 1104 706 Grut.
1118 673 1227 721 omnes;
1246 675 1351 727 prono-

293 764 356 798 men
371 744 467 798 abesto
482 741 586 794 duobus
603 738 677 791 libris
694 736 884 803 attiniacus,
903 738 931 790 in
951 737 1061 793 Gud.B.
1079 750 1118 795 est
1128 744 1349 795 exercitationum

296 831 497 893 circitorum,
522 828 549 881 in
573 824 632 879 Cra.
648 829 675 878 2.
698 842 847 877 nieorum
863 843 949 896 genus
966 825 1205 880 exercitationum:
1230 825 1259 882 in
1283 828 1348 884 reli-

294 920 354 989 quis
380 930 417 972 est
446 916 484 970 rel
510 912 734 967 exercitationum
763 928 882 962 mearum
908 911 946 964 vei
966 931 1084 964 mearum
1108 913 1346 968 exercitationum:

293 1003 359 1058 ittut
379 1005 405 1057 in
425 1005 574 1077 plerisque:
596 999 650 1055 hoc
665 999 693 1052 in
713 997 785 1052 Gud.
804 999 838 1052 A.
856 998 936 1053 Drsd.
944 1003 969 1053 1.
987 1004 1012 1055 8.
1048 998 1152 1055 Gernb.
1168 1012 1194 1055 et
1213 1013 1347 1073 postcunt

293 1091 380 1145 Nobb.
399 1091 506 1144 uncinis
523 1087 759 1143 circumdederunt
776 1104 877 1151 earum,
894 1097 924 1140 ut
941 1086 1072 1157 spurium,
1091 1106 1210 1160 quorum
1221 1089 1347 1142 illemoa-

293 1199 352 1232 rum
370 1180 407 1233 ait
423 1198 477 1233 esse
496 1176 636 1231 molestum
655 1184 767 1246 propter
781 1171 888 1243 quibus
913 1176 957 1225 uti
974 1176 1114 1227 consuevi:
1140 1193 1233 1227 earum
1257 1186 1347 1230 autem

294 1267 435 1321 molestum
455 1284 510 1320 esse
527 1273 638 1336 propter
655 1264 719 1326 hoc,
748 1260 822 1332 quasi
842 1279 903 1331 pars
921 1259 987 1315 haec
1010 1262 1043 1314 sit
1065 1261 1283 1315 exercitationum
1302 1282 1348 1315 ea-

292 1355 370 1422 rum,
389 1355 489 1427 quibus>
505 1353 543 1407 uti
560 1350 728 1405 consueverit
746 1346 853 1414 Cicero,
872 1365 934 1400 cum
952 1349 1005 1401 sint
1022 1347 1071 1401 hae
1089 1347 1162 1419 ipsae
1182 1348 1349 1402 exercitatio·

294 1461 348 1495 nes,
384 1443 443 1514 Ego
463 1460 525 1494 vero
544 1440 633 1494 locum
652 1439 686 1491 ita
708 1435 893 1507 explicandum
913 1435 1045 1489 existimo:
1062 1436 1214 1508 degustabis
1230 1434 1283 1491 hoc
1300 1455 1349 1507 ge·

294 1547 345 1581 nus
364 1529 582 1583 exercitationum
600 1524 761 1597 (mearum):
789 1543 882 1577 earum
909 1524 1051 1591 nimirum,
1080 1525 1194 1597 quibus,
1220 1543 1289 1596 quae
1306 1525 1348 1577 di-

295 1626 393 1669 cuntur
411 1618 439 1670 in
459 1616 555 1671 scholis
571 1615 680 1676 aaut,
704 1613 737 1666 ad
756 1624 877 1666 nostrum
896 1612 948 1667 hoc
972 1613 1120 1668 oratorium
1140 1611 1246 1666 dicendi
1264 1632 1349 1684 genus

293 1704 437 1758 transferre
456 1702 537 1757 soleo.
578 1701 660 1770 Quod
687 1712 776 1755 autem
796 1702 878 1755 refert
893 1700 955 1767 0r.,
974 1699 1119 1771 inisse-qui
1139 1699 1298 1754 coniicerm:
1320 1710 1348 1750 et

294 1792 451 1863 degustabis
469 1789 688 1853 exercitationes,
706 1789 803 1861 quibus
822 1792 866 1841 uti
883 1790 1021 1854 consuevi,
1045 1788 1072 1840 id
1091 1786 1221 1839 eiusmodi
1239 1797 1292 1852 est,
1318 1797 1347 1839 ut

224 1922 226 1926 ‚
291 1881 320 1933 in
341 1878 506 1951 optimorum
525 1878 656 1931 librorum
675 1876 789 1931 lectione
807 1875 884 1929 facile
901 1875 997 1945 aliquis
1020 1871 1095 1926 malit
1113 1874 1291 1945 acquiescere.
1311 1896 1347 1912 -—

293 1966 384 2039 Pergit
402 1965 452 2023 Ox.
470 1986 497 2036 η.
515 1984 585 2037 quac
604 1974 741 2021 utuntur,·
761 1974 818 2015 tum
837 1961 897 2013 Crz.
916 1965 941 2013 2.
960 1964 986 2015 3.
1004 1964 1030 2013 1.
1048 1959 1127 2012 Drsd.
1146 1963 1172 2012 1.
1190 1962 1215 2012 4.
1239 1960 1268 2010 in
1286 1977 1346 2010 sco-

294 2055 336 2108 lis.
357 2054 436 2107 Drsd.
454 2058 480 2107 5.
499 2055 528 2102 in
545 2049 643 2102 scholis
662 2049 800 2101 dicontur.
834 2047 893 2101 Mn.

365 2138 484 2205 caccum]
504 2132 543 2190 Ne
561 2139 588 2189 in
608 2135 718 2189 nimiam
737 2134 837 2191 molem
855 2148 987 2191 excrescat
1005 2138 1038 2190 ad
1056 2136 1081 2190 h.
1093 2158 1114 2188 v.
1123 2136 1270 2202 annotatio,
1286 2155 1345 2188 eam

293 2227 321 2278 in
343 2225 489 2278 Excursum
509 2223 673 2279 coniecimus
690 2224 824 2296 primum,
843 2225 887 2280 hic
904 2244 967 2279 vero
986 2225 1052 2279 nihii
1069 2224 1157 2291 aliud,
1186 2224 1235 2277 nisi
1252 2224 1347 2278 iectio-

293 2314 335 2366 nis
354 2315 505 2367 varietatem
523 2309 804 2385 indicabimus,-qune
822 2312 850 2366 in
870 2313 978 2368 vocibus
997 2314 1115 2386 graecis,
1134 2325 1246 2385 propter
1264 2313 1346 2367 libra-

294 2402 403 2455 riorum'
424 2417 535 2474 graecae
559 2401 667 2474 linguae
692 2402 905 2474 ignorationem,
933 2419 1031 2474 magna
1056 2401 1110 2455 esse
1133 2401 1209 2456 sciet.
1252 2400 1346 2470 Quid?

295 2490 367 2562 quod
385 2490 424 2542 vel
444 2489 504 2543 viris
522 2489 607 2545 doctis
627 2482 661 2544 ita
679 2486 823 2563 imposuit,
847 2502 876 2544 ut
894 2502 920 2544 et
941 2490 1100 2562 scriptiones
1120 2510 1214 2561 pravas
1238 2510 1345 2544 earum-

295 2598 347 2650 que
364 2578 463 2649 giossas
481 2598 536 2631 non
555 2577 679 2632 meliores
697 2597 748 2650 pro
768 2598 827 2631 vera
846 2577 986 2633 Ciceronis
1001 2598 1084 2632 manu
1103 2578 1231 2633 haberent
1247 2597 1345 2648 easque

294 2666 424 2737 explicare
442 2666 592 2719 studerent:
619 2666 645 2718 id
666 2667 739 2738 quod
759 2666 855 2720 accidit
873 2666 1017 2720 Francisco
1035 2665 1216 2731 Maturantio,
1242 2664 1346 2717 Ascen-

295 2753 347 2819 sio,
365 2751 538 2806 Omnibono:
557 2772 625 2823 quos
642 2771 698 2804 non
718 2768 866 2805 moramur.
902 2752 1035 2820 „Mauric
1055 2754 1083 2804 in
1100 2753 1198 2804 scholis
1216 2755 1344 2815 θετικῶςς

294 2839 431 2893 Pithoean.
451 2841 479 2891 in
497 2841 595 2892 scholis
619 2843 751 2898 θετικαίέι
775 2840 897 2894 Graev.
943 2840 1011 2905 „En
1037 2840 1106 2893 Ven.
1132 2843 1286 2904 κταικαί,
1310 2837 1344 2891 al.

292 2926 601 2998 perfectica,electica,
619 2937 712 2979 utun.
731 2926 801 2979 0x.“
821 2925 945 2981 Gernh.
982 2926 1065 2979 Abest
1089 2943 1136 2977 sor
1155 2942 1267 2995 graeca,
1284 2924 1346 2977 loco

294 3013 388 3069 relicto
407 3032 498 3079 vacuo,
518 3031 533 3065 a
553 3012 640 3066 codd.
658 3011 723 3067 On.
731 3013 763 3069 E.
782 3034 807 3069 o.
824 3032 854 3076 ψ.
874 3015 954 3068 Drsd.
970 3019 997 3067 2.
1016 3018 1042 3069 3.
1076 3011 1145 3065 Edd.
1161 3011 1231 3064 Bibl.
1248 3011 1345 3083 ttdtbg.

295 3124 315 3157 s.
334 3103 350 3156 Ι.
370 3115 395 3158 et
413 3123 436 3156 a.
454 3100 502 3154 Ed.
521 3121 563 3173 ap.
581 3100 692 3155 Meusel.
710 3113 736 3155 et
753 3101 880 3155 Darentr.
898 3088 982 3157 toto:
1011 3101 1056 3154 sed
1081 3101 1109 3155 in
1133 3099 1174 3152 his
1200 3099 1268 3152 Edd.
1286 3112 1345 3170 pust

294 3192 419 3245 lacunam
438 3189 557 3261 sequitur
574 3191 592 3240 i.
611 3208 633 3242 a.
648 3191 809 3258 possessiva.
845 3190 875 3242 ln
896 3190 968 3243 Gud.
986 3187 1016 3244 C.
1037 3201 1077 3245 est
1094 3185 1238 3258 κτητικᾶ
1257 3189 1288 3239 id
1302 3200 1344 3240 est

292 3281 456 3349 possession,
482 3280 555 3332 utin
575 3276 643 3333 Edd.
667 3279 735 3332 Ven.
756 3279 834 3331 1514.
860 3276 969 3349 Argent
993 3280 1087 3342 15154
1111 3275 1184 3329 Gud.
1208 3277 1250 3329 Α.
1266 3274 1344 3328 habet

294 3380 389 3421 entora
407 3369 425 3420 i.
441 3368 609 3443 possessum
639 3364 709 3419 Gud.
727 3366 759 3419 B.
778 3368 909 3436 ettpykc5
929 3364 988 3419 Cra.
1005 3368 1031 3418 1.
1050 3366 1179 3434 anticoya
1204 3364 1223 3415 i.
1241 3382 1264 3415 e.
1280 3381 1343 3431 pos·
1406 3422 1412 3429 ¹

294 3457 396 3508 sessiva
414 3455 473 3525 (sed
492 3473 572 3526 supra
591 3454 654 3507 lim:
675 3454 718 3505 cel
734 3455 845 3518 tnetica,
863 3473 933 3508 corr.
950 3454 979 3523 in
997 3454 1131 3504 theutica:
1149 3450 1194 3504 cui
1213 3469 1342 3521 superscr.

293 3562 419 3613 graccum
434 3541 520 3611 est·),
539 3541 596 3594 Crz.
606 3546 632 3594 2.
653 3560 759 3607 onoyna
780 3543 811 3593 id
826 3553 867 3595 cst
883 3542 1054 3612 possessivn5
1079 3538 1138 3592 Cra.
1153 3542 1178 3593 3.
1191 3549 1217 3592 et
1228 3537 1307 3591 Drsd.
1318 3543 1344 3592 1.

295 3631 399 3682 thetica
431 3633 449 3682 i.
475 3648 498 3684 e.
520 3631 690 3700 praessura,-
715 3630 797 3684 Drsd.
813 3636 839 3686 4.
862 3632 979 3700 ontifico
1002 3631 1021 3682 i.
1043 3623 1213 3698 possessus,-
1250 3627 1344 3680 Duisb.

294 3714 435 3777 θετικδς
461 3708 480 3771 i.
503 3737 525 3770 e.
548 3718 717 3786 pearsonum
746 3717 796 3774 Or.
814 3720 835 3772 l.
859 3721 1052 3771 ENTICHOC
1076 3718 1095 3768 i.
1127 3717 1275 3787 porsectica
1302 3716 1345 3767 cei

293 3806 412 3860 eleotico.
448 3805 478 3857 ln
497 3803 564 3857 Edd.
582 3804 665 3857 Paris.
679 3808 758 3861 1512.
778 3818 805 3860 et
821 3807 948 3860 Darentr.
966 3809 1046 3861 1515.
1064 3816 1102 3859 est
1122 3825 1263 3857 scorteo
1278 3822 1344 3872 pos-
1428 3871 1440 3883 .

293 3891 414 3953 sessioo3
445 3893 473 3945 in
501 3893 568 3945 Ven.
593 3894 672 3948 tttt.
704 3915 824 3964 κηικαι
844 3898 996 3967 possessiva
1023 3897 1117 3964 (supra
1148 3893 1195 3945 tin.
1224 3892 1343 3943 ithetica

222 3994 234 4018 ⁰
293 3979 447 4052 scriptum:
473 3979 522 4033 Ed.
545 3983 629 4035 Paris.
655 3985 735 4037 tout.
779 3984 878 4037 Ctitica
906 3985 1073 4055 possessivo,
1099 3981 1128 4032 in
1154 3978 1239 4048 Lugd.
1258 3982 1343 4032 1515:

218 4105 221 4113 f
293 4070 382 4121 ethica
398 4072 559 4139 possessivo.

364 4157 413 4211 Ati
435 4167 555 4210 nostrum
581 4161 629 4211 hoc
659 4163 808 4213 oratorium
834 4160 972 4232 transfero
998 4159 1101 4209 sucendi
1126 4159 1232 4229 genum]
1276 4154 1345 4208 cod.

294 4245 353 4300 Crz.
372 4249 395 4300 1.
416 4247 453 4300 ati
470 4256 591 4301 riostrurn
612 4252 760 4304 oratorium
779 4252 841 4316 noc,
867 4251 925 4305 Cn.
944 4256 967 4315 2.
985 4251 1023 4302 nd
1039 4258 1160 4301 nostrum
1177 4248 1281 4301 dicendi
1297 4249 1346 4298 lroc

1519 626 1525 652 t
