3059 4925
291 434 364 510 288
611 457 783 507 sensuam
811 456 1004 506 sroiconuu.

287 639 366 682 rum,
396 617 472 673 cuius
490 616 572 671 multa
591 616 692 672 mentio
714 617 786 689 apud
806 617 985 685 Ciceronem,
1016 616 1139 689 inprimis
1163 617 1191 669 in
1213 619 1344 685 verrinis,

290 718 319 761 ut
338 709 415 761 Verr.
432 705 454 774 l,
472 710 515 761 56.
535 706 568 759 ad
588 705 684 774 Quint.
703 706 736 758 fr.
756 706 801 770 lll,
822 708 847 769 1,
865 709 909 758 2.“
946 705 1022 758 Ern.

299 863 304 872 .
360 795 447 864 operis
465 794 590 861 dandis,]
628 792 756 865 „Operae
774 794 888 859 dantur,
913 794 934 846 si
956 793 1016 865 quis
1043 793 1182 864 operarios
1207 793 1246 846 vel
1275 814 1343 848 con·

290 882 364 936 ducit
382 879 420 934 rel
441 880 572 953 possidet,
594 900 693 951 eosque
713 880 767 947 dat,
786 880 804 932 i.
818 899 841 933 e.
861 878 955 946 elocat,
972 892 1045 934 certa
1062 882 1217 935 mercede.“
1234 883 1342 953 Wytt.

289 968 418 1041 Sequitur
436 969 464 1021 in
483 969 550 1023 eod.
566 968 647 1022 Drsd.
665 973 690 1024 5.
706 968 824 1038 publicis
842 968 997 1022 tributis
1025 970 1177 1033 sumendis,
1206 981 1231 1023 et
1249 971 1342 1025 endem

290 1058 375 1130 glossa
395 1057 497 1126 addita,
517 1056 585 1110 cod.
604 1055 683 1112 Suer.
697 1056 815 1126 publicis
833 1058 968 1110 sumendis
987 1056 1150 1110 tributis.
1169 1086 1202 1096 ·-
1230 1057 1342 1121 „Publi-

291 1148 329 1199 cis
338 1145 487 1199 sumendis:
503 1143 619 1216 publicis
638 1142 792 1197 tributis
809 1144 944 1197 sumendis
958 1155 1093 1216 quattuor.
1129 1145 1250 1198 Publicis
1261 1146 1280 1196 d
1285 1164 1343 1197 aa·

291 1234 344 1287 die
362 1233 496 1286 succendis
516 1232 638 1302 [repetita
657 1251 722 1286 voce
739 1232 827 1286 media
846 1253 874 1285 er
895 1232 1014 1304 proxime
1025 1218 1263 1299 antecedentibus‚]
1287 1251 1342 1285 esse

232 1367 236 1374 ,
292 1321 320 1374 in
340 1320 456 1393 quodam
476 1332 564 1373 vetere
583 1319 627 1372 alii
646 1320 776 1373 scribunt.
813 1320 948 1391 intellige:
966 1320 1148 1374 conducendis
1162 1320 1342 1391 vectigalibus,

290 1408 364 1481 quod
382 1407 587 1479 publicanorum
607 1408 690 1459 erat.“
711 1406 785 1460 Atd.
806 1407 893 1461 Man.
935 1409 972 1476 „i.
991 1428 1014 1462 e.
1033 1408 1209 1474 redimendis,
1236 1408 1342 1462 condu-

291 1495 384 1551 cendis
401 1494 511 1548 aedibus
529 1494 643 1565 publicis
661 1493 700 1546 rel
719 1496 800 1549 sacris
816 1495 973 1550 reficiendis.
1016 1496 1144 1550 Similiter
1162 1497 1195 1549 de
1212 1496 1340 1550 decumis.

291 1585 369 1637 Verr.
381 1582 424 1648 ΙΙΙ,
441 1587 489 1637 64;
508 1584 579 1634 Nam
597 1581 650 1634 nisi
666 1582 709 1634 ita
727 1592 811 1648 esset,
829 1602 878 1635 cur
895 1593 928 1636 tu
942 1584 1093 1654 Apronium
1109 1584 1240 1642 nidlebus,
1259 1603 1341 1656 quom

291 1671 457 1738 Minucium,
481 1672 642 1722 decumae
669 1672 732 1741 agri
757 1672 882 1723 Leontini
899 1671 1057 1731 sumere?
1093 1673 1172 1744 Opus
1201 1672 1337 1744 publicum

284 1770 457 1816 ‚memoratur
475 1759 509 1812 dc
526 1758 639 1829 Harusp.
662 1757 743 1829 Resp.
762 1760 809 1813 8.“
836 1758 937 1831 Borg.
956 1790 991 1799 -
1036 1760 1169 1826 „Publica
1193 1760 1294 1826 sumit,
1320 1761 1342 1813 si

292 1848 351 1920 quis
370 1847 508 1919 publicum
528 1865 597 1917 opus
621 1845 763 1913 conducit,
792 1846 872 1901 veluti
899 1848 932 1901 ab
951 1848 1081 1902 aedilibus
1111 1858 1158 1901 aut
1186 1848 1343 1901 censoribus

292 1946 403 2005 pontem
421 1933 538 2006 aliquem
558 1931 732 1986 reficiendum
749 1954 771 1987 s.
788 1935 962 2002 struendum,
988 1946 1059 1989 certa
1079 1935 1200 2006 pecunia.
1235 1934 1340 1988 Graece

292 2024 416 2094 δημόσιον
433 2024 507 2093 ἔργον
525 2019 692 2086 λαμβάνειν.“
729 2024 835 2092 Wytt.

362 2129 429 2178 opus
446 2128 502 2161 esse
520 2109 661 2181 quaesito]
692 2108 764 2175 „Eos
783 2129 838 2163 non
857 2122 997 2168 contentos
1014 2132 1070 2167 esse
1088 2133 1117 2168 re
1133 2132 1179 2168 saa
1201 2113 1274 2166 lamii
1283 2112 1340 2178 iari,

296 2216 350 2251 uon
370 2196 576 2250 baberesatis.“
611 2197 642 2248 M
653 2209 753 2251 anet<
813 2255 815 2286 Ι
1230 2245 1233 2252 .
1271 2189 1279 2193 ’

363 2304 431 2354 opus
449 2301 505 2336 esse
523 2287 658 2358 quaesito]
704 2290 778 2355 Opus
804 2288 902 2342 omittit
925 2288 1025 2352 Ox.a.‚·
1046 2308 1138 2342 vocem
1157 2309 1213 2342 esse
1232 2288 1283 2343 Os.
1301 2306 1342 2354 ue,

292 2392 348 2426 esse
368 2394 435 2443 opus
454 2373 552 2428 habent
572 2373 643 2428 Gud.
664 2373 694 2430 Β.
714 2385 739 2427 et
756 2374 837 2430 Drsd.
855 2379 881 2429 4.
920 2378 1101 2446 „Quaesitum
1124 2376 1141 2429 i.
1160 2396 1187 2448 q.
1211 2388 1342 2446 quaestus,

291 2461 309 2516 i.
328 2482 352 2516 e.
370 2461 506 2516 lucrum.“
525 2464 633 2535 Wytt.
668 2462 758 2516 Verba
778 2464 848 2515 domi
872 2475 937 2516 tuae
966 2466 1093 2519 omittunt
1118 2465 1204 2516 Codd.
1221 2462 1293 2517 Gud.
1312 2464 1345 2516 Α.

295 2551 326 2604 B.
346 2550 404 2604 Crz.
424 2557 449 2605 2.
469 2551 549 2605 Drsd.
566 2555 593 2605 4.
630 2551 733 2605 Absunt
764 2551 858 2605 eadem
882 2572 896 2604 a
927 2550 1013 2606 codd.
1031 2553 1091 2607 Bas
1109 2564 1135 2605 et
1154 2552 1243 2604 Guell.
1289 2553 1343 2604 Pro

291 2640 396 2708 pariter
413 2650 452 2692 est
465 2650 573 2710 partem
592 2642 620 2692 in
639 2640 725 2693 Codd.
744 2639 810 2693 On.
826 2657 849 2703 a,
868 2657 897 2701 ψ.
919 2638 991 2692 Gud.
1010 2641 1041 2693 A.
1061 2640 1091 2692 Β.
1110 2642 1168 2691 Cre.
1187 2642 1212 2691 t.
1230 2639 1271 2708 (in
1292 2639 1345 2692 boe

294 2747 308 2779 a
328 2746 369 2797 pr.
386 2727 436 2796 m.)
455 2729 513 2780 Gru.
531 2733 555 2779 2.
574 2728 654 2781 Drsd.
674 2732 714 2794 1.;
731 2729 759 2781 in
778 2727 858 2780 Drsd.
876 2730 901 2780 3.
917 2737 1033 2796 patrem.
1070 2726 1128 2777 ΜΓ.

365 2824 555 2867 accusatorum
573 2827 656 2889 atque
675 2815 841 2881 indicum]
887 2814 956 2882 „llic
974 2814 1053 2885 plane
1077 2813 1220 2885 legendum
1247 2833 1345 2867 censeo

292 2913 482 2955 accusatorum
501 2914 584 2975 atque
602 2903 680 2954 indi
687 2920 725 2954 cu
734 2922 771 2966 m,
798 2902 937 2974 multoque
955 2903 1023 2956 adeo
1050 2902 1135 2972 magis
1158 2920 1239 2973 quarn
1263 2920 1344 2971 supra

295 2990 367 3057 [Par.
386 2991 419 3055 V,
438 2991 491 3057 3.]:
518 2992 623 3042 index
652 3010 712 3043 vera
741 3002 875 3064 quantum
905 2991 987 3043 habet
1010 2990 1217 3047 dominatum!“
1251 2989 1344 3041 Lam·

293 3078 362 3131 bin.
408 3079 565 3149 [Perperam
590 3079 618 3131 in
638 3078 762 3133 lemmate
787 3078 838 3132 Ed.
858 3074 960 3132 bamb,
981 3082 1061 3133 1566.
1078 3078 1176 3148 legitur
1202 3078 1344 3143 iudicum,

294 3166 340 3237 qui
360 3185 436 3220 error
454 3166 516 3219 item
536 3177 575 3219 est
591 3166 619 3219 in
638 3165 814 3232 Ed..Graev.;
833 3167 877 3220 sed
898 3168 976 3220 etiam
995 3166 1023 3220 in
1043 3186 1106 3219 ann.
1125 3167 1181 3236 ipsa
1201 3176 1240 3219 est
1257 3167 1291 3216 iu
1304 3165 1346 3215 di-
1430 3190 1434 3197 ·

293 3272 352 3306 cum
370 3254 398 3306 in
417 3253 467 3306 ud.
484 3255 579 3310 colon.
605 3265 631 3308 et
648 3255 742 3307 Lanib.
763 3258 834 3308 1586
858 3256 924 3323 (nec
943 3274 1004 3308 vero
1028 3256 1056 3307 in
1086 3255 1135 3307 Ed.
1154 3255 1219 3326 Arg.
1238 3254 1346 3323 1581.):

296 3362 376 3414 quern
396 3362 516 3396 errorem
538 3355 609 3396 recte
629 3342 801 3413 reprehendit
818 3342 848 3393 F.
867 3342 899 3396 N.
919 3342 1056 3408 Kleinius,
1083 3341 1344 3414 (16151836.εῶ-

252 3462 257 3469 ·
294 3431 333 3484 dit
368 3429 520 3483 Emendatt.
537 3430 747 3497 Lambinianas.]
791 3429 897 3495 „Miror
916 3428 1063 3482 Gruterum
1081 3429 1126 3483 bic
1152 3439 1272 3482 secutum
1290 3446 1345 3481 esse

297 3519 418 3572 Lambini
437 3519 620 3572 coniecturam
639 3519 721 3589 [quae
749 3527 789 3569 est
813 3516 878 3570 item
905 3516 984 3569 lectio
1006 3517 1074 3577 Vict.
1101 3527 1128 3569 et
1145 3516 1213 3569 Rob.
1240 3513 1344 3584 Stepb.]

296 3619 389 3661 contra
408 3604 539 3661 Codicum
560 3607 683 3660 omnium
701 3606 790 3659 fidem.
835 3605 1012 3659 Accusatores
1038 3616 1065 3658 et
1082 3603 1184 3657 iudices
1201 3603 1276 3674 iungi
1296 3621 1347 3654 nec

182 3712 186 3717 ·
296 3713 385 3746 rarum
414 3713 465 3748 nec
488 3693 618 3766 flagitium
637 3705 691 3748 est:
721 3695 785 3766 quin
804 3711 910 3762 semper
936 3692 1126 3763 iungebantur.
1173 3691 1347 3744 Accusatores

299 3781 371 3834 enim
390 3781 509 3835 indicum
538 3783 695 3836 testimoniis
718 3783 881 3835 nitebantur.
928 3779 981 3833 Sed
1007 3789 1175 3832 accusatores
1193 3789 1219 3832 ct
1245 3778 1347 3831 iudices

298 3869 371 3923 coire
389 3868 549 3939 flagitiosum
569 3882 614 3925 est.
661 3871 739 3924 ludex
758 3869 830 3923 enim
849 3887 901 3923 nec
919 3878 1007 3940 partes
1024 3868 1113 3920 facere
1134 3884 1185 3919 nec
1203 3865 1277 3936 sequi
1298 3864 1348 3917 de-

300 3958 352 4012 bet.
384 3959 584 4012 Conveniebant
601 3969 699 4024 autem,
718 3969 748 4012 ut
765 3965 1006 4027 corrumperentur
1017 3954 1117 4007 iudices
1134 3952 1168 4006 ad
1177 3951 1346 4004 damnandos

298 4064 374 4110 reos,
392 4063 509 4116 quorum
527 4045 605 4097 bonis
624 4044 770 4099 inhiabant.
820 4045 850 4096 ln
869 4042 1015 4097 Pitboeano
1031 4041 1134 4095 Codice
1161 4051 1187 4093 et
1211 4041 1264 4094 alio
1288 4039 1348 4092 MS.

300 4136 369 4187 domi
388 4142 469 4190 tuae,
488 4142 514 4185 et
531 4150 582 4202 pro
597 4133 709 4199 pariter.
723 4131 848 4187 scribitur
864 4141 984 4199 partem:
1011 4133 1064 4184 boc
1082 4128 1182 4183 modos
1211 4130 1258 4201 qui
1277 4128 1349 4180 videt

305 4223 373 4278 domi
384 4232 449 4274 tuac
466 4231 572 4290 partem
580 4230 783 4278 amasaeorum,
800 4217 917 4269 iudicum
930 4219 1094 4270 consociatos
1105 4220 1227 4289 greges.“
1245 4214 1352 4266 Grae·
