3059 4925
293 454 343 528 50
368 541 371 546 .
620 475 793 525 rnnanoxt
821 474 1014 525 srorconuu.
1083 491 1094 497 ·

253 647 257 652 “
293 656 403 693 monere
418 638 546 691 lectorem
561 635 650 689 minus
663 646 803 702 attentum,
816 635 1000 690 duriusculum
1014 635 1117 690 esse-ita
1132 636 1222 709 loquis
1241 639 1344 690 multa

293 736 433 796 asportare
457 725 488 775 dr
510 723 568 775 suis
586 722 696 775 *rebust‘
724 723 875 777 Lambin.
913 723 955 776 Ad
981 723 1050 777 hanc
1075 725 1274 778 annotationem
1299 745 1345 779 re·

293 812 406 883 spondet
418 810 507 880 Wytt.
521 810 549 861 in
563 820 666 874 annot„
687 829 768 881 quarn
787 812 869 863 rnodo
889 810 1084 881 adscripsimus.
1120 810 1254 883 Exempla,
1274 832 1343 884 quae

293 901 382 954 omisit
407 899 470 964 W„
498 897 616 951 afferunt
640 897 722 969 Borg.
747 910 773 952 et
797 898 899 952 Ochsn.
937 897 1017 951 Coni.
1035 899 1070 952 de
1087 897 1144 950 Osi.
1163 901 1198 952 il.
1214 903 1246 953 4:
1275 917 1345 971 quae

294 990 431 1041 utilitates
453 1005 486 1037 ert
512 984 616 1038 rebus
640 987 688 1048 iio,
715 997 869 1057 quae'ount
891 987 1064 1051 inanima,
1086 986 1287 1056 percipiantur,
1310 987 1344 1039 de

294 1075 373 1126 Finn.
391 1074 436 1138 IV,
457 1076 504 1126 1⁰:
533 1091 758 1124 rerumrerum
778 1092 858 1143 quam
882 1074 1035 1142 plurimo
1053 1084 1080 1124 et
1101 1093 1182 1145 quum
1201 1076 1346 1125 maxima

294 1162 423 1230 adipisri5
444 1159 531 1212 Divin.
546 1159 566 1226 l,
579 1163 629 1213 5²:
646 1179 739 1212 eurum
757 1163 825 1212 euim
845 1179 957 1212 rerum
975 1169 1159 1230 utrumque.
1197 1160 1259 1213 vid.
1271 1159 1345 1213 Cort.

294 1249 326 1302 ad
345 1246 403 1300 Cic.
421 1246 503 1318 Epist.
521 1246 627 1300 Famru.
644 1247 714 1311 XVI,
733 1252 760 1312 4,
778 1252 809 1301 d:
840 1247 961 1316 sumptui
985 1265 1017 1298 ne
1039 1265 1139 1316 parcas
1162 1247 1191 1320 {n
1216 1247 1275 1300 ulia
1295 1266 1345 1310 re,

295 1336 384 1407 quud
409 1335 449 1385 ud
473 1334 654 1386 valetudinem
678 1353 744 1403 opus
769 1336 815 1386 sit.
838 1364 871 1373 -
906 1333 1039 1388 Deierisse
1063 1333 1130 1386 ittud
1154 1352 1243 1388 recum
1266 1335 1344 1396 etiarn

294 1420 446 1476 Bentieium
456 1421 539 1474 refert
548 1419 649 1474 Gernh.
659 1421 686 1472 iu
699 1420 843 1474 Addendis.
880 1420 969 1472 Rebus
982 1420 1109 1475 omittunt
1121 1420 1187 1474 On.
1199 1440 1224 1474 n.
1237 1440 1267 1484 u.
1285 1421 1344 1475 Mr.

364 1512 454 1577 Quum
471 1519 539 1560 esset
558 1509 711 1564 admonitus
729 1525 748 1558 a
766 1508 893 1579 quodam]
920 1506 1059 1579 Scriptum
1084 1520 1123 1564 est
1147 1519 1345 1566 vetustorum

294 1597 456 1650 ammonitus
473 1595 502 1650 in
520 1594 577 1648 Cra.
592 1599 616 1648 1.
632 1600 663 1658 23
682 1595 817 1648 arnonitus
836 1613 851 1645 a
869 1592 977 1648 Suerin.
1012 1600 1093 1649 Esset
1110 1597 1185 1650 abest
1202 1596 1236 1648 ab
1254 1594 1306 1648 01.
1321 1615 1346 1663 η.

294 1684 386 1737 Refert
403 1681 485 1735 Preti.
502 1681 530 1736 in
550 1682 686 1752 Excerptis
704 1682 772 1753 Eyb.
790 1699 845 1735 esse
870 1694 902 1734 ut
927 1684 984 1752 ipse
1006 1684 1074 1736 idern
1094 1684 1139 1752 f.‚
1167 1682 1240 1754 quud
1267 1682 1345 1736 habet

297 1774 361 1827 item
380 1770 464 1823 Paris.
482 1790 501 1823 s.
522 1789 555 1836 a.‚
574 1769 603 1822 in
617 1768 703 1825 Codd.
722 1771 782 1823 Bas.
800 1770 878 1822 Drsd.
897 1775 922 1822 2.
941 1780 973 1821 ut
992 1771 1033 1820 ita
1045 1771 1116 1839 suc,
1133 1770 1161 1824 in
1180 1768 1295 1839 Gueiph.
1314 1780 1347 1822 ut

294 1862 363 1911 idern
376 1859 439 1928 fac.
474 1856 511 1909 Et
529 1859 659 1928 posterius
677 1858 785 1928 quidem
804 1856 907 1909 exhibet
924 1858 1003 1911 etiarn
1022 1855 1082 1909 Cre.
1100 1861 1126 1909 2.
1145 1874 1207 1909 cum
1226 1857 1345 1909 Drsd.1.

295 1947 323 1998 in
342 1943 413 1997 Gud.
433 1943 464 1997 C.
491 1955 529 1996 est
554 1956 585 1995 ut
610 1947 666 2012 ipse
688 1945 775 2002 idem‚·
804 1945 832 1995 in
852 1944 931 1995 Drsd.
951 1948 975 1994 2.
998 1942 1129 1995 omittitur
1146 1952 1178 1993 ut
1186 1962 1196 2001 ,·
1224 1943 1304 1995 Drsd.
1321 1947 1347 1998 3.

295 2033 358 2086 facit
378 2051 440 2085 curn
460 2030 519 2082 Bas.
555 2031 625 2081 Tum
645 2028 761 2080 Drsd.1.
780 2028 876 2097 inquid
894 2046 943 2097 pro
962 2029 1060 2097 inquit.
1095 2029 1138 2080 De
1155 2028 1271 2081 formula
1286 2032 1346 2098 Ego

293 2140 355 2173 vero
377 2118 483 2186 elegans
501 2126 539 2167 est
558 2115 747 2168 commentatio
765 2101 1039 2186 Henrici'Stephani‚
1064 2134 1163 2186 quaro‚·
1185 2131 1248 2170 nunt
1266 2116 1344 2170 sitin

294 2207 364 2260 libro
381 2203 524 2265 rarissimo,
543 2202 570 2254 in
587 2205 710 2255 Excursn
729 2202 844 2255 adiicere
862 2203 947 2256 visurn
965 2214 1004 2256 est
1020 2204 1109 2258 tertio.
1147 2202 1178 2255 ln
1192 2199 1260 2256 Cod.
1274 2201 1344 2258 Sue·

295 2293 352 2344 rin:
366 2302 404 2344 est
422 2301 454 2342 ut
472 2290 598 2340 ididem
617 2290 672 2357 ipse
685 2290 804 2360 faceret.
841 2289 900 2342 ΜΓ.

366 2377 461 2430 Omnia
480 2395 578 2428 mecum
594 2387 673 2445 porto
691 2379 770 2444 mea]
793 2377 829 2429 ita
845 2378 915 2431 edidi
929 2398 991 2432 cum
1004 2378 1107 2434 Gernh.
1123 2391 1149 2433 et
1162 2379 1222 2446 On,
1239 2381 1344 2452 optimo

252 2482 257 2487 ’
296 2477 367 2521 certe
387 2466 419 2520 ad
430 2467 596 2523 ¹senteutiam
615 2466 718 2532 ordine,
737 2465 780 2518 itte
796 2485 825 2518 ex
840 2466 889 2519 Ed.
902 2465 1033 2539 Herwag.‚
1053 2466 1096 2522 hic
1107 2488 1136 2520 ex
1149 2470 1217 2524 Vict.
1236 2518 1239 2523 4
1253 2470 1344 2538 Quam

295 2567 383 2609 autem
402 2553 605 2624 Herwagianam
630 2554 747 2625 appellat
771 2554 873 2608 Gernh.
897 2566 935 2609 est
958 2575 1003 2622 ea,
1029 2575 1109 2627 quam
1129 2575 1179 2610 nos
1196 2556 1345 2610 Camerarii

295 2641 408 2694 dicimus
432 2640 504 2708 (Bas.
521 2645 599 2694 1540.
621 2642 722 2709 flua),
749 2643 777 2694 in
804 2663 856 2713 qua
881 2656 943 2696 sunt
970 2654 1072 2697 annott.
1090 2656 1126 2697 xet
1146 2647 1295 2698 Camerarii
1318 2658 1344 2699 et

295 2727 416 2782 Victorii.
452 2726 499 2780 Est
518 2738 653 2797 praeterea
678 2727 721 2782 hic
746 2729 888 2781 verborum
914 2728 982 2782 ordo
1009 2732 1036 2780 in
1060 2730 1129 2782 Edd.
1154 2730 1223 2785 Aua.
1242 2731 1344 2796 Talai,

294 2816 363 2871 Rob.
380 2811 479 2884 steph„
498 2833 567 2885 quae
586 2814 664 2868 habet
683 2817 746 2870 item
765 2817 888 2869 emendd.
907 2816 1084 2883 victorianae,
1107 2827 1142 2882 et,
1167 2819 1188 2870 si
1206 2817 1271 2870 sides
1288 2819 1346 2872 coi·
1420 2833 1427 2843 “

296 2903 397 2968 lationi,
416 2900 483 2953 cod.
497 2900 568 2954 Gud.
579 2902 611 2955 B.
648 2902 678 2956 ln
697 2902 812 2957 Gudd.
832 2915 870 2957 est
889 2905 977 2956 umida
994 2912 1052 2955 mea
1071 2922 1170 2955 meeum
1188 2916 1345 2973 asporto,

297 2992 369 3063 quod
394 2990 507 3044 correxit
533 2989 629 3060 aliquis
654 3010 682 3043 en
710 2992 884 3045 antecedente
910 3000 1101 3058 asportarent5
1132 2989 1203 3043 idem
1229 2993 1345 3046 enotavit

296 3077 374 3131 etiam
394 3076 444 3130 Or.
464 3097 493 3128 ex
512 3075 628 3147 Gueiph.
671 3078 798 3149 Plerique
824 3090 851 3132 et
874 3078 965 3148 scripti
992 3085 1018 3131 et
1042 3077 1106 3131 editi
1130 3076 1229 3132 habent
1256 3081 1344 3131 omniu

296 3183 354 3217 mee
371 3181 471 3216 mecum
486 3157 577 3232 porto,'
591 3183 653 3217 curn
673 3164 780 3218 Valerio
793 3165 868 3218 Max.
891 3164 949 3217 Vss.
968 3167 1037 3232 Η,
1059 3165 1105 3236 qui
1124 3164 1209 3218 addit:
1232 3169 1344 3218 Pectore

295 3253 363 3303 enim
383 3250 433 3301 itta
449 3248 592 3321 gestabat,
620 3271 672 3304 raon
696 3254 831 3307 humeris:
857 3272 910 3305 non
933 3253 1017 3305 ocutis
1040 3254 1165 3317 visenda,
1191 3254 1239 3305 sed
1260 3256 1344 3305 aesti-

289 3339 394 3390 manda
413 3338 518 3397 animm
537 3354 607 3391 unus
625 3351 716 3393 noster
734 3338 802 3393 Cod.
816 3339 877 3394 Cra.
887 3342 914 3394 1.
933 3340 1092 3394 tabernam
1109 3358 1166 3390 meu
1185 3340 1272 3391 omnia
1290 3358 1345 3390 me-

200 3446 205 3451 ·
295 3444 355 3478 oum
369 3435 458 3494 porto.
494 3424 619 3496 Denique
636 3429 726 3479 omniu
744 3448 802 3479 mea
817 3438 896 3497 porto
914 3446 1013 3478 mecum
1031 3426 1154 3480 exhibent
1172 3426 1239 3479 Edd.
1258 3425 1343 3479 Suffr.

295 3512 383 3576 Petri,
410 3509 489 3563 Grut.
514 3509 600 3566 Grou.
626 3513 722 3568 Graes.
740 3515 805 3568 Ern.
825 3515 912 3568 Wetz.
932 3513 1007 3569 Scha
1025 3513 1107 3584 Burg.
1125 3542 1162 3553 -
1191 3514 1345 3581 „Virtutem

296 3610 322 3652 et
340 3597 506 3667 sapientiem,
526 3617 594 3668 quae
612 3599 714 3655 hoinini
733 3603 864 3656 nisi—cum
883 3602 934 3655 vita
952 3600 1019 3670 eripi
1038 3621 1093 3654 non
1113 3604 1252 3672 possunt.“
1270 3600 1344 3656 Atd.

296 3684 381 3736 Man.
417 3684 479 3749 „Ab
497 3683 564 3750 aliis,
582 3688 630 3755 qui
648 3688 700 3742 hoc
717 3690 842 3755 citarum,
860 3689 901 3740 rel
914 3687 1026 3742 Graecis
1044 3687 1084 3741 vel
1099 3688 1207 3755 Latinis,
1225 3689 1344 3745 additur:

296 3772 423 3822 virtutem
440 3788 473 3822 aa
491 3771 652 3835 doctrinam,
678 3777 798 3828 παιδείαν
816 3779 860 3829 καὶ
876 3773 999 3845 α’ρετήν.“
1018 3774 1125 3845 Wytt.
1161 3775 1203 3828 De
1219 3774 1345 3846 Stilpone

297 3856 435 3928 Megarico
452 3857 525 3910 idem,
540 3857 660 3913 reterens
677 3861 780 3917 Seneca
797 3863 831 3919 de
849 3860 941 3915 Conrt
959 3860 1023 3932 Sap.
1040 3865 1066 3915 a.
1085 3859 1109 3931 5,
1126 3864 1152 3915 3.
1169 3862 1218 3913 ita:
1245 3864 1345 3932 Mega-

298 3962 356 3996 rcru
377 3944 530 3997 Demetrius
553 3959 673 4015 ceperat,
699 3951 743 4001 cui
770 3968 910 4021 cognomen
934 3949 1096 4007 Poliorcetes
1113 3950 1199 4019 suit„
1229 3947 1276 4000 Ab
1294 3950 1345 4001 Ιιοο

295 4031 384 4100 Stilpo
399 4030 574 4100 philosophus
591 4034 788 4107 interrogetur,
806 4056 871 4089 num
888 4036 955 4107 quid
969 4034 1130 4104 Wdiffifflff
1138 4075 1145 4098 2
1165 4034 1283 4098 ΝἷῘΗἾν
1300 4036 1343 4087 5¹²·

297 4118 368 4188 quit,
394 4117 508 4168 omnia
525 4136 670 4190 namque
687 4142 756 4175 mea
775 4141 902 4176 meeum
920 4133 1014 4177 eunt.
1060 4123 1151 4193 Atqui
1168 4134 1196 4174 et
1210 4123 1344 4192 patrinae-

295 4201 370 4253 mm
386 4204 633 4273 constuprandam
653 4221 781 4275 eraserat,
799 4221 826 4263 et
839 4210 920 4278 filios
938 4201 1069 4278 rapuerat
1087 4210 1188 4275 trustis,
1205 4221 1233 4261 et
1249 4211 1344 4280 patria
