3059 4925
351 474 588 523 ammaonte
614 475 657 523 to
681 474 850 524 CICERONIS
876 477 1062 526 reatuum.
1140 478 1231 526 nvn

256 635 310 689 lam
329 634 464 689 videamus
481 634 607 705 deinceps
624 633 657 687 de
675 634 720 702 iis,
739 653 808 706 quae
825 654 906 707 supra
925 636 1062 690 tractanda
1088 637 1232 708 posuimus,

185 724 269 797 posita
287 724 326 777 W
332 722 554 794 yttenbacbii
573 722 751 795 disputatione
769 724 844 796 quati
861 723 1046 779 fondamento.
1081 724 1115 778 Et
1133 726 1166 777 de
1184 745 1232 778 no·

185 814 254 865 mine
271 812 380 885 quidem
398 810 620 876 Paradoxorum,
632 810 708 864 cuius
723 821 820 865 aocter
836 811 923 865 fertur
939 810 1016 865 Zeno
1033 809 1157 878 Cittieus,
1177 812 1233 883 pri·

184 918 260 952 mum
277 910 371 953 monet
387 898 409 950 F
416 916 509 952 rano.
527 897 683 967 Sylvius,
701 898 782 952 inisse
797 898 876 952 etiarn
893 898 1036 953 Hecatonis
1047 897 1130 952 Stoici
1148 899 1231 953 libros

184 988 219 1040 de
235 986 387 1051 Paradorie,
402 986 512 1058 eiusque
529 986 619 1056 operia
635 986 734 1040 librum
752 987 864 1052 tertium,
878 985 980 1039 laudari
995 985 1234 1057 aDiogeneLaitr-

184 1075 284 1141 tio,1n
302 1073 359 1127 Vtt.
378 1075 452 1142 [tat.
469 1092 495 1143 p.
512 1075 576 1128 443.
594 1072 636 1126 ed.
655 1072 808 1127 Meibornii:
827 1073 951 1128 laudatur
967 1092 1030 1126 iero
1040 1074 1077 1127 ibi
1096 1091 1152 1126 noo
1165 1073 1233 1126 iiber

184 1163 291 1227 tertius,
308 1161 354 1214 sed
372 1161 464 1215 tertius
481 1160 622 1229 decimus}
657 1160 700 1213 Dc
718 1161 829 1215 nomine
847 1172 937 1216 autern
954 1161 1013 1233 ipso
1032 1161 1232 1215 H.Wolsius

184 1248 549 1320 demergentem,
579 1248 652 1320 quad
677 1249 776 1304 dicitur
804 1250 837 1303 de
861 1250 956 1316 rebus,
982 1268 1050 1322 quae
1073 1261 1135 1305 sunt
1161 1251 1233 1321 nepd

184 1336 233 1408 τήν
251 1344 304 1390 τᾶν
320 1332 533 1402 atterentem,
549 1336 659 1389 iaudent
675 1335 787 1390 Suidarn
806 1338 862 1408 (eds
879 1336 1003 1403 Kasteri,
1022 1335 1133 1390 Votul.
1144 1338 1234 1408 pio),

186 1427 232 1499 qui
251 1425 361 1496 explicat
383 1421 595 1495 inpaediepsoe,
620 1422 793 1493 θαυμαστῶν,
819 1444 929 1496 prorsus
953 1435 983 1479 ut
1003 1426 1059 1496 ipae
1084 1422 1180 1478 Cicero
1206 1427 1233 1480 in

185 1513 329 1568 Prooemio
345 1512 545 1568 Paradoaorum
563 1513 650 1583 (coni.
669 1513 703 1565 de
721 1513 801 1567 Fino.
820 1514 867 1581 lV,
886 1518 929 1582 tt,
955 1517 1014 1585 74.)
1032 1536 1102 1587 quae
1118 1548 1152 1560 -
1168 1531 1234 1572 sunt

187 1600 418 1653 admirabilia
434 1610 581 1671 contraque
599 1601 745 1669 opinionem
762 1604 893 1667 omnium
911 1613 938 1657 et
955 1603 1056 1658 Acadd.
1069 1605 1099 1672 ii,
1111 1610 1232 1672 44,136ε

188 1687 330 1741 mirabilia.
366 1683 450 1747 Aitna
462 1699 551 1741 autem
568 1688 757 1757 interpretatur
771 1687 868 1741 Suidas
878 1685 1016 1756 iniectas,
1032 1689 1170 1761 ὑπόληψιν,
1189 1690 1234 1745 tis

187 1773 260 1848 παραὶ
278 1781 330 1829 τῶν
341 1778 442 1828 πολλῶν
460 1777 577 1844 itinerar,
595 1776 618 1828 ei
627 1778 657 1827 di
666 1777 719 1827 asie
728 1778 844 1842 πολλᾶν,
862 1778 915 1828 coir
924 1774 970 1829 mie
979 1775 1097 1833 ridicae:
1115 1779 1178 1833 item
1196 1784 1233 1832 ei-

186 1864 318 1927 neamus
327 1864 420 1931 dirue,
437 1865 511 1918 unde
520 1864 599 1917 etiam
613 1863 723 1935 Epicuri
732 1862 911 1935 κυρλαιδόξαι.
945 1865 1161 1937 Erpiicatautem
1171 1864 1235 1920 tnt-

186 1958 265 2024 tpunr
283 1951 435 2007 Aristoteles
443 1951 538 2024 Mago.
547 1952 670 2019 Morabi,
678 1954 721 2008 32.
732 1956 810 2024 pat.
821 1953 862 2006 ed.
873 1940 1026 2026 Syiburgfi
1038 1951 1101 2025 ὑπὲρ
1112 1950 1233 2008 ἁπάντων

186 2038 417 2109 tnaupocsps'ioner
426 2037 490 2110 apic
498 2035 530 2091 ci
540 2033 605 2092 εἶναι
612 2043 699 2093 ταῦτα
709 2034 829 2093 οὕτωκαὶ
838 2037 955 2111 ariciens.
981 2043 1080 2096 Mirum
1089 2054 1128 2098 est
1137 2056 1235 2110 autem,

186 2127 259 2199 quod
278 2130 306 2181 in
324 2127 524 2184 Paradororum
549 2143 648 2180 nomen
669 2129 830 2183 conveniunt
853 2130 951 2184 iudicia
976 2131 1058 2203 ipsius
1087 2131 1234 2200 Ciceronis,

188 2236 255 2290 qnae
274 2216 363 2291 primo
381 2214 509 2286 adspectu
525 2216 595 2268 inter
613 2234 641 2268 se
659 2216 782 2270 ridentur
806 2216 885 2287 piane
908 2219 1057 2272 contrariae
1081 2240 1137 2273 uno
1158 2222 1230 2274 enim

188 2308 247 2362 tneo
263 2306 365 2376 primo,
383 2303 434 2369 ait,
451 2289 537 2372 ipecie
554 2319 586 2353 ea
605 2302 823 2367 admirationem,
852 2322 881 2356 re
904 2307 1041 2375 explicata
1066 2310 1150 2360 risum
1176 2327 1232 2359 nio·

188 2412 246 2447 vere
262 2392 310 2466 (de
329 2391 408 2443 Finn.
426 2390 471 2456 lV,
491 2389 555 2459 λλ),
572 2390 672 2456 altero,
688 2391 778 2461 prima
794 2393 879 2461 specie
894 2394 979 2446 videri
1003 2394 1119 2447 ridiculo
1138 2398 1235 2470 vulgo:

188 2487 211 2534 si
232 2481 358 2551 respicias
376 2479 537 2549 sapientem,
555 2479 662 2552 qualem
679 2479 731 2532 sibi
747 2481 832 2532 Stoici
849 2480 1071 2552 informaverint,
1090 2484 1167 2535 baud
1183 2485 1232 2535 ab·

144 2634 147 2637 ¹
187 2572 279 2624 surda.
299 2598 333 2609 -
374 2566 502 2618 Ridicula
520 2566 592 2620 enim
610 2566 697 2634 dicas,
722 2566 742 2620 si
761 2565 872 2621 Stoicos·
891 2568 1030 2639 respicias,
1056 2580 1086 2624 ut
1104 2570 1233 2638 homines,

188 2658 233 2731 qni
252 2676 321 2711 noro
338 2656 481 2708 verborum
500 2657 550 2708 usu
568 2654 669 2726 aliquid
695 2654 775 2727 piane
794 2657 854 2709 novi
880 2655 969 2710 dicere
993 2656 1042 2710 'sibi
1068 2658 1236 2713 viderentur:

186 2746 349 2818 probabilia,
373 2744 394 2797 si
419 2741 559 2797 consilium
587 2741 711 2813 respicias
728 2741 913 2814 significandi,
936 2743 1000 2815 quid
1025 2763 1159 2797 summurn
1185 2746 1236 2799 sibi

188 2852 341 2906 proponere
358 2832 452 2886 debeat
470 2830 550 2883 borno
568 2831 796 2902 consequendum.
833 2830 967 2884 Volabant
985 2831 1056 2884 enim
1075 2830 1159 2886 Stoici
1179 2834 1234 2904 pri·

189 2942 262 2976 mum
281 2932 422 2976 extenuare
444 2918 601 2990 opinionem
626 2917 659 2971 de
679 2918 801 2990 corporis
825 2928 851 2972 et
872 2918 997 2973 fortunae
1022 2918 1111 2982 bonis,
1139 2919 1234 2974 deinde

190 3009 352 3080 amplificare
370 3006 587 3062 existimationem
607 3005 640 3059 de
658 3005 739 3072 reris,
758 3007 776 3060 i.
795 3026 818 3062 e.
835 3007 918 3061 animi
936 3007 1022 3061 bonis.
1059 3006 1142 3079 idque
1161 3008 1233 3062 vole-

189 3096 235 3149 bat
252 3095 329 3147 etiarn
348 3093 444 3151 Cicero
462 3093 604 3148 Paradoxis
621 3093 681 3147 suis.
718 3092 936 3149 contemnebant
953 3094 1051 3160 Stoici,
1069 3095 1101 3149 iis
1118 3097 1237 3167 proiatis,

189 3184 259 3256 vulgi
279 3183 312 3235 de
337 3183 414 3235 bonis
437 3178 607 3251 opinionem:
638 3193 664 3234 et
690 3183 785 3234 eodem
811 3193 931 3252 tempore
959 3182 1026 3249 aiio,
1055 3183 1100 3235 sed
1125 3184 1237 3250 veriore,

188 3292 266 3328 sensu
285 3271 377 3324 eadem
395 3289 421 3323 se
447 3279 586 3340 paraturos
605 3268 730 3321 omnibus
748 3269 954 3338 promittebant,
983 3287 1051 3338 quae
1075 3267 1113 3320 itti
1139 3269 1235 3322 frustra
1332 3334 1333 3339 ¹

188 3359 347 3431 pierumque
365 3368 391 3411 et
407 3356 511 3428 saepius
529 3353 666 3426 peccando
685 3364 849 3427 appeterent.
885 3353 972 3408 Atiam
984 3375 1045 3408 iero
1063 3356 1133 3410 iocis
1151 3359 1237 3429 nupci-

187 3451 249 3506 δοξα
268 3446 351 3500 babes
375 3444 446 3514 apud
470 3442 684 3509 Quinctiiianum
703 3442 765 3496 inst.
786 3440 836 3494 Or.
855 3441 900 3508 lx,
919 3447 944 3508 λ,
966 3446 999 3498 23
1026 3443 1235 3512 conversionem,
1304 3510 1314 3517 ἱ

186 3532 384 3604 inopinata*),
410 3531 482 3603 quod
506 3531 594 3602 ipsum
623 3531 767 3603 respondet
791 3530 892 3584 Suidae
916 3530 1083 3601 explicationi
1106 3527 1235 3601 ‹inpaedi-

188 3642 262 3691 npco.
298 3618 381 3687 Quod
400 3628 489 3672 autem
508 3618 544 3672 ait
564 3619 689 3689 Xystus
707 3618 903 3687 Betuieius,
922 3619 1091 3684 Ciceronem,
1110 3619 1156 3691 qui
1175 3631 1235 3674 tan-

187 3720 243 3762 tum
262 3727 290 3761 se
309 3706 454 3760 exhibuerit
471 3706 571 3777 ubique
589 3707 696 3778 linguae
713 3727 776 3760 suae
795 3718 950 3760 assertorem
970 3718 996 3761 ct
1014 3707 1161 3775 vindicem,
1180 3728 1234 3764 non

188 3796 268 3849 videri
287 3796 386 3851 librum
405 3796 541 3857 editurum
556 3795 635 3849 tuisse
653 3793 758 3848 Graeco
776 3795 932 3865 inscriptum
952 3793 1042 3848 titulo:
1069 3805 1233 3850 mutaturum

188 3894 274 3937 autem
294 3883 389 3949 fuisse,
412 3883 433 3935 si
458 3883 490 3934 de
516 3882 593 3935 buius
611 3882 700 3954 operis
723 3882 840 3935 editione
858 3882 997 3953 cogitasset
1017 3901 1149 3954 unquam:
1179 3902 1234 3936 esse

189 3982 274 4024 autern
293 3970 379 4024 Bruto
397 3970 431 4023 ita
451 3969 583 4037 dicatum,
602 3978 681 4022 utne
699 3970 727 4020 in
745 3978 908 4038 apertum
921 3970 1156 4040 proseratun
1175 3988 1233 4020 earn

192 4088 398 4097 --——---—-—

257 4161 284 4229 *)
303 4162 448 4230 Inopinata
462 4160 580 4213 omnibus
593 4158 656 4214 dicit
669 4160 748 4214 etiam
760 4160 862 4217 Seneca
878 4157 1021 4231 παράδοξα,
1034 4159 1115 4231 Epist.
1123 4153 1236 4209 Lxxxt.

189 4253 212 4302 p.
233 4235 294 4287 326.
313 4231 361 4284 Ed.
380 4230 498 4285 Gronov.
