3059 4925
546 1079 586 1190 J]
673 1105 969 1168 coaeternos.

301 1318 331 1370 P.
367 1313 410 1365 30.
428 1308 445 1361 l.
463 1310 489 1360 4.
506 1304 558 1375 leg.
572 1301 712 1374 seruntur.

300 1406 336 1427 ⁴·-
363 1386 407 1437 32.
425 1410 444 1421 -
462 1383 487 1433 8.
508 1405 542 1432 -,-
561 1392 658 1425 vereor.

400 1491 407 1506 .
425 1481 446 1491 -
460 1454 486 1504 4.
503 1446 535 1499 ab
554 1444 610 1497 ulta
622 1442 672 1511 leg.
690 1447 797 1492 terreto.

399 1551 445 1575 .-
463 1519 511 1573 ult.
529 1516 600 1576 telo,
644 1531 675 1565 ro
694 1510 759 1560 rate.
855 1534 860 1539 ·

359 1599 362 1606 ’
400 1622 444 1650 .-
462 1594 489 1644 8.
505 1589 539 1642 ab
558 1586 604 1639 ult.
623 1534 641 1637 l
657 1580 801 1633 chirone.
877 1578 880 1586 '

398 1693 443 1726 ‚-
462 1660 573 1729 ultrleg.
586 1655 666 1726 secia

398 1764 442 1790 .-
460 1729 504 1786 20.
520 1731 554 1783 ab
576 1728 620 1781 ult.
639 1726 691 1794 leg·
727 1718 910 1775 Hortensium.

399 1848 405 1861 .
424 1807 505 1857 -17,
525 1801 559 1853 ab
578 1798 624 1852 ott.
641 1796 692 1865 leg.
709 1792 882 1847 Samnitium.

397 1907 441 1932 .-
460 1879 503 1930 lb.
522 1871 650 1934 rbotorea,
670 1867 719 1919 de·

370 1966 496 2019 Ceterum
517 1957 588 2031 quod
606 1955 734 2027 pleraque
753 1951 781 2003 in
800 1947 849 2000 bac
867 1943 983 1999 editione
1002 1963 1120 2014 expressa
1139 1953 1200 1996 sunt
1219 1940 1346 1994 emenda-

298 2040 412 2101 tissime,
431 2033 516 2087 debeo
533 2026 685 2098 diligentiae
703 2023 749 2075 viri
767 2017 910 2072 doctissimi
929 2015 1000 2067 Alb.
1018 2015 1119 2077 Lion,
1139 2013 1347 2077 PbilDoctoris,

298 2112 344 2185 qui
365 2106 447 2162 malta
464 2103 560 2167 etiam,
585 2116 654 2169 quae
672 2112 722 2163 ego
747 2100 871 2146 currente
898 2087 1016 2149 calamo,
1042 2103 1182 2155 nunquam
1210 2085 1265 2138 fere
1290 2104 1346 2136 non

297 2177 489 2251 interpellatus,
506 2172 725 2223 minusaccurate
738 2161 831 2216 litteris
844 2159 1049 2227 consignassent,
1062 2155 1218 2209 emendavit.
1252 2154 1346 2210 Unum

298 2265 387 2308 autem
412 2249 465 2300 iam
490 2242 581 2305 doleo,
616 2238 742 2291 nimirum
768 2229 997 2303 paragrapborum
1021 2245 1148 2280 numeros
1170 2226 1198 2278 in
1224 2226 1346 2295 margine

297 2324 421 2378 omissos:
439 2315 512 2390 quod
530 2330 591 2366 sero
608 2329 671 2364 cum
687 2302 942 2368 animadvertissem,
960 2300 1169 2369 corrigerenon
1188 2296 1271 2350 licuit.
1290 2295 1344 2348 Mi-

297 2416 349 2452 nus
366 2405 455 2447 tamen
473 2384 608 2441 molestiae
631 2377 740 2436 babebit
765 2376 813 2428 ista
843 2372 966 2435 omissio,
992 2388 1053 2424 cum
1078 2369 1134 2438 ipsa
1152 2368 1233 2420 libelli
1259 2367 1344 2437 capita

297 2469 426 2540 pleraque
444 2458 533 2514 omnia
551 2452 605 2508 sint
620 2452 681 2507 satis
698 2447 795 2502 brevia.
832 2442 911 2498 Aliud
931 2441 1009 2495 etiam
1028 2450 1192 2505 mutaturus,
1216 2438 1237 2493 si
1254 2437 1347 2492 licuis-

272 2559 275 2565 ·
297 2551 349 2603 set,
367 2553 449 2588 eram.
485 2527 618 2581 Malebam
637 2523 708 2576 enim
728 2531 814 2572 totum
832 2514 950 2568 libellum
970 2532 1026 2566 uno
1044 2511 1118 2583 quasi
1137 2522 1238 2578 tenore,
1256 2529 1346 2580 neque

297 2603 512 2663 annotationibus
529 2595 736 2663 uniuscuiusque
755 2587 883 2642 Paradori
902 2585 1098 2655 interruptum,
1127 2581 1255 2646 describi,
1282 2600 1345 2633 cum

297 2699 352 2732 non
372 2673 487 2746 potuerit
503 2667 640 2722 annotatio
658 2661 751 2717 subiici
771 2657 888 2713 sermoni
907 2654 1045 2708 Ciceronis
1062 2653 1199 2707 continuo.
1235 2652 1345 2707 Sed'vel

296 2753 335 2804 sio
357 2746 495 2801 habebunt
520 2739 631 2792 lectores
661 2731 781 2785 libellum
806 2728 954 2782 litterarum
981 2726 1187 2795 chartarumque
1215 2723 1344 2794 elegantia

297 2840 351 2876 sese
376 2811 623 2873 commendantem,
653 2824 732 2878 quern
759 2802 874 2861 nitorem
899 2797 977 2851 debet
1002 2815 1083 2851 curae
1109 2794 1270 2872 bibliopolae
1295 2792 1346 2846 bo-

296 2888 443 2946 n'cstisalmi.
