3059 4925
520 479 717 527 rautnoxou
746 481 775 527 v.
802 480 872 528 arr.
898 481 946 528 m.
1191 458 1262 533 261

284 652 310 693 et
329 643 388 693 allo
403 652 431 692 et
451 639 597 693 virtutibus
615 641 792 711 exaggerato]
829 640 917 693 Verba
950 632 1006 692 Nos
1033 660 1094 693 vero
1111 661 1199 681 -’——
1217 664 1263 696 nec

211 748 352 798 possumus
370 728 525 782 exciderunt
542 727 569 779 in
587 726 672 781 codd.
691 726 756 780 On.
771 747 796 795 η.
815 747 839 782 a.
859 728 943 781 oculis
962 728 1134 782 librariorum
1153 742 1263 801 propter

214 816 354 868 verborum
375 814 572 868 similitudinem
593 814 787 866 aberrantibus.
830 813 885 867 Pro
911 825 938 877 et
957 814 1033 866 alto
1052 813 1119 868 cod.
1138 816 1217 870 Drsd.
1236 821 1261 871 3.

215 901 293 953 ltabet
315 912 342 952 et
367 902 543 966 exaltato,
579 920 647 971 quae
672 919 719 952 ror
746 899 871 954 Ciceroni
898 920 1037 973 nunquam
1064 915 1102 956 est
1128 916 1262 974 usurpata.

216 988 349 1042 Adiectira
368 990 487 1040 excelsus
505 1000 532 1039 et
551 988 627 1043 altus
644 1007 724 1059 saepe
741 988 840 1053 iunxit,
869 988 945 1041 cuius
972 1008 1035 1041 usus
1061 990 1179 1060 exempla
1199 991 1264 1046 haec

215 1077 321 1148 collegit
348 1077 572 1147 Borgersius:
599 1075 632 1127 de
649 1074 729 1127 Finn.
748 1075 780 1139 ll,
800 1079 857 1139 14.;
880 1074 978 1130 Tusco.
997 1076 1029 1141 ll,
1047 1080 1073 1129 4.
1118 1077 1262 1148 Participio

187 1226 191 1235 .
214 1142 397 1234 exaggeratus
425 1162 612 1234 ususfquidem
641 1173 679 1215 est
697 1161 759 1214 alibi
780 1181 830 1227 nec
848 1181 910 1215 vero
929 1163 1007 1234 plane
1027 1176 1056 1216 ut
1074 1177 1165 1218 nostro
1184 1166 1261 1230 loc03

215 1271 236 1302 v.
256 1270 278 1303 c.
300 1250 374 1302 Brut.
393 1254 448 1302 ll:
470 1251 579 1302 Critonis
597 1250 741 1302 luminibus
760 1250 896 1313 obstrusit
915 1251 981 1301 haec
1000 1252 1080 1322 quasi
1094 1262 1261 1322 exaggerata

212 1339 298 1391 altius
316 1339 411 1391 oratio.
459 1337 584 1391 Ceterum
613 1337 737 1391 scribitur
760 1348 788 1388 et
806 1337 955 1390 virtutibus
972 1349 1008 1389 et
1026 1339 1198 1409 exaggerati
1214 1357 1262 1390 su·

215 1442 272 1476 ruas
290 1425 317 1476 in
336 1424 402 1476 cod.
422 1426 480 1476 Cra.
500 1427 541 1487 l.;
566 1426 594 1476 in
614 1428 671 1478 cri.
688 1429 713 1478 2.
740 1425 792 1479 Or.
811 1442 840 1486 ψ.
862 1437 887 1478 et
905 1424 986 1479 Drsd.
1004 1430 1030 1479 4.
1058 1437 1084 1475 et
1111 1425 1259 1476 virtutibus

214 1513 385 1580 exaggerati
420 1531 528 1571 sumus,
549 1513 575 1563 in
595 1511 671 1563 Suer.
689 1513 911 1583 exagragati,
940 1513 968 1565 in
988 1511 1059 1564 Gud.
1081 1512 1111 1564 Α.
1131 1528 1261 1582 exaggre-

210 1600 287 1668 gati,
307 1598 377 1651 Gud.
396 1597 428 1650 B.
446 1602 606 1670 exaggeate,
624 1599 674 1651 Οι.
694 1601 725 1654 E.
744 1609 984 1670 exaggregato.
1021 1598 1081 1650 Mr.

285 1721 461 1791 exaggerato]
478 1720 515 1787 ,‚i.
535 1739 556 1772 e.
575 1721 665 1786 animo
684 1719 717 1772 ad
738 1720 878 1771 maximam
897 1717 1063 1772 altitudinem
1084 1717 1152 1770 elato
1172 1729 1196 1770 et
1215 1721 1261 1789 qui

214 1829 255 1861 res
274 1807 415 1874 humanas,
445 1819 474 1864 ut
493 1807 561 1859 insra
580 1828 606 1859 se
625 1809 736 1879 positas,
768 1816 928 1860 contemnat.
975 1805 1019 1858 Est
1048 1804 1128 1874 igitur
1156 1803 1262 1873 elegans

108 1908 113 1909 ⁷
212 1895 332 1968 gradatio
351 1895 432 1947 animi
452 1895 562 1961 excelsi,
589 1895 655 1952 alti,
680 1894 796 1965 deniqne
822 1894 961 1946 virtutibus
985 1890 1159 1963 exaggerati,
1189 1892 1260 1962 quod

213 1986 275 2037 item
294 1993 398 2054 poterat
416 1981 467 2034 dici
485 1982 625 2032 cumulati.
661 1981 708 2035 Est
727 1981 797 2033 enim
817 1999 901 2050 agger
929 1981 1003 2052 quasi
1022 1998 1145 2044 acervus,
1175 1997 1260 2041 mons,

217 2070 346 2135 cumulus,
365 2080 459 2122 vertex.
496 2067 548 2121 Sed
568 2069 587 2119 si
604 2068 766 2139 producitur
786 2087 842 2120 non
862 2067 942 2119 modo
961 2069 988 2119 in
1009 2066 1105 2132 altum,
1125 2063 1260 2117 sedetiam

213 2158 241 2209 in
261 2156 390 2228 longum,
414 2167 479 2208 tunc
497 2153 526 2206 fit
546 2172 629 2225 agger
648 2154 757 2225 proprie
776 2155 873 2219 dictus,
900 2155 946 2224 qui
971 2154 1119 2224 opponitur
1137 2153 1203 2205 mari
1222 2149 1260 2202 al-

213 2244 294 2296 luenti
322 2255 347 2296 et
365 2243 445 2295 fluvio
472 2241 622 2295 exundanti.
674 2243 729 2295 Cic.
748 2243 829 2295 Tusa.
848 2240 881 2307 ll,
901 2246 948 2295 tlt:
976 2243 1153 2313 exaggeratio
1178 2241 1261 2292 animi

213 2329 246 2401 [S.
267 2333 337 2398 64.];
357 2332 389 2383 de
410 2329 530 2382 oratione
549 2339 637 2381 autem
659 2330 791 2400 saepius.“
810 2327 1060 2399 Wyttenbach.

283 2455 331 2487 nec
349 2435 470 2487 debemus
488 2453 535 2487 nec
550 2435 712 2506 praesumus]
758 2434 813 2487 Pro
839 2453 886 2486 nec
911 2434 1032 2488 debemur
1056 2433 1141 2488 estin
1160 2431 1210 2485 Ox.
1229 2450 1258 2493 ψ.

214 2524 337 2594 quibus
355 2534 386 2574 et
407 2522 541 2586 debemus,
569 2541 597 2574 ex
621 2521 812 2592 superioribus.
838 2521 918 2577 Drsd.
937 2525 961 2574 1.
989 2521 1087 2592 quibus
1108 2538 1260 2588 possumus,

213 2632 264 2663 non
283 2610 417 2673 debemus,
436 2609 515 2664 Drsd.
536 2628 587 2660 non
607 2609 728 2661 delemus
747 2628 794 2660 nec
811 2628 968 2678 possumus,
986 2608 1079 2661 Duisb.
1097 2626 1144 2658 nec
1162 2623 1261 2676 possu-

213 2719 286 2772 mus,
304 2717 351 2749 ner
370 2697 499 2751 delemus.
536 2697 577 2749 Ad
598 2717 620 2750 v.
638 2707 804 2770 exaggerato
823 2697 894 2750 Frc.
911 2695 1005 2768 Sylv.v
1020 2695 1098 2750 haec:
1116 2696 1151 2762 „i.
1171 2713 1193 2747 e.
1213 2712 1261 2744 cu-

214 2787 326 2860 mulato.
362 2783 444 2860 Stoici
472 2784 542 2837 enim
569 2785 675 2844 virtutes
703 2786 737 2839 ita
758 2787 828 2838 inter
858 2805 884 2837 se
904 2804 1035 2838 connexas
1054 2803 1108 2836 esse
1126 2781 1258 2844 dicebant,

213 2884 242 2926 ut
262 2890 342 2925 nemo
361 2890 441 2924 unam
461 2870 557 2924 habere
577 2874 671 2942 possit,
692 2873 756 2943 quin
780 2872 875 2924 habeat
893 2871 1037 2942 reliquas.“
1072 2870 1132 2921 Mr.

284 2987 315 3028 tu
331 2994 410 3045 posse
434 2986 461 3026 te
486 2976 595 3043 dicito,]
623 2977 708 3031 Codd.
733 2975 784 3029 Ox.
803 2974 833 3050 Ε.
859 2973 938 3027 Drsd.
959 2979 984 3027 2.
1029 2975 1095 3024 Sed
1119 2983 1150 3023 tu
1171 2991 1259 3041 posse.

212 3063 306 3118 Duisb.
328 3067 384 3130 Tu,
402 3064 432 3125 si
448 3065 582 3132 possis,
600 3065 740 3119 edicito.
777 3063 855 3117 Facc
873 3062 905 3114 ad
925 3083 947 3114 v.
970 3065 1010 3114 Tu
1029 3059 1211 3131 explicandam
1231 3061 1258 3112 in

212 3162 301 3203 annot.
319 3150 391 3205 addit
410 3154 551 3217 „Crasse.“
586 3150 616 3203 tlt
623 3172 645 3205 r.

283 3258 444 3327 quoniam
470 3258 574 3328 quidem
595 3260 701 3327 potes:]
738 3257 776 3311 lta
803 3256 873 3309 edidi
897 3274 957 3311 cum
984 3257 1048 3318 Or..
1077 3274 1138 3310 cum
1158 3253 1260 3309 Geruli.

210 3346 321 3399 ediderit
339 3346 474 3417 quando
492 3347 611 3417 quidem,
631 3365 692 3400 cum
712 3345 780 3397 Edd.
799 3357 838 3399 sat
857 3344 961 3411 multis,
981 3342 1067 3396 Codd.
1086 3341 1185 3414 paucis.
1226 3341 1259 3395 Et

210 3433 307 3487 habent
324 3434 449 3506 quoniam
467 3433 646 3504 septendecim
664 3433 725 3488 Atdi
743 3435 840 3502 (unus,
860 3432 1098 3495 duodevicesimus,
1116 3443 1162 3508 ᾖ,
1187 3432 1260 3501 quod

211 3521 399 3593 compendium
420 3522 488 3574 varie
514 3521 566 3592 legi
585 3523 699 3592 potest),
731 3541 825 3575 omnes
849 3520 914 3574 On.
940 3522 1073 3594 itemque,
1092 3536 1122 3577 ut
1140 3524 1257 3589 ridetur,

211 3608 318 3663 Gruteri
337 3607 466 3674 Palatini,
486 3608 558 3662 Gud.
577 3614 601 3662 1.
621 3615 647 3662 Ἄ.
666 3610 760 3663 Duisb.
779 3609 838 3677 (sed
857 3610 955 3662 omisso
974 3610 1092 3680 quidem)
1111 3608 1170 3665 Cra.
1189 3614 1213 3663 1.
1233 3616 1258 3664 2.

211 3695 289 3748 Drsd.
308 3701 333 3748 2.
353 3699 377 3749 3.
397 3700 422 3748 4.
452 3700 477 3750 5.
501 3696 569 3752 Edd.
596 3689 651 3769 prc.
680 3700 747 3752 Vict.
771 3697 864 3749 Lamb.
890 3695 975 3750 suttr.
1002 3696 1074 3749 Petr.
1099 3696 1164 3750 Ou.
1189 3700 1257 3753 Ven.

211 3786 289 3837 14111.
310 3787 388 3838 1514.
407 3784 486 3837 lldlb.
507 3784 556 3839 Ed.
579 3804 623 3857 ap.
643 3785 728 3838 Meus.
747 3785 813 3838 Dar.
833 3786 898 3854 Arg.
923 3784 1008 3855 Lugd.
1024 3782 1184 3840 Pan-1512.
1204 3784 1260 3839 Co-

211 3868 264 3924 lon.
282 3870 360 3924 Grut.
380 3871 466 3924 Gron.
486 3872 564 3942 Borg.
584 3872 679 3927 Graev.
699 3874 781 3926 Verb.
800 3870 955 3925 Oliv.·Ern.
974 3870 1050 3924 Selia.
1075 3871 1145 3925 Tbn.
1171 3873 1258 3927 Wetz.

211 3959 331 4032 Pergunt
349 3960 412 4013 On.
433 3962 452 4013 l.
473 3982 498 4029 η.
518 3980 542 4016 o.
560 3981 589 4025 ψ.
609 3962 681 4014 Gud.
702 3962 732 4014 B.
751 3960 811 4013 Cra.
832 3964 858 4014 1.
877 3960 956 4013 Drsd.
976 3966 1000 4013 2.
1020 3965 1045 4014 4.
1065 3960 1155 4015 debere
1174 3972 1208 4012 te
1226 3981 1265 4013 ne.

211 4050 235 4101 d.
255 4069 316 4102 cum
335 4048 403 4101 Edd.
425 4051 495 4103 Crat.
521 4049 594 4103 Man.
613 4050 673 4103 Ald.
693 4054 771 4104 l5l‘l.
798 4049 972 4113 Asc.151t.;
997 4048 1088 4101 debere
1113 4066 1158 4098 me
1182 4063 1214 4097 ne
1233 4047 1260 4099 d.

210 4135 281 4189 Gud.
301 4135 348 4197 A.;
376 4134 465 4187 debere
490 4149 521 4190 te
545 4157 602 4189 nec
620 4138 726 4189 etiam
745 4140 770 4193 d.
800 4136 850 4190 Or.
869 4137 916 4200 E.;
941 4137 1032 4188 debere
1055 4154 1119 4186 non
1144 4129 1259 4192 01.U.;

212 4223 291 4276 Drsd.
312 4225 336 4277 3.
356 4230 387 4272 te
407 4221 496 4275 delere
514 4243 578 4277 non
599 4226 711 4289 dixeris3
731 4226 809 4281 Drsd.
826 4228 849 4280 l.
869 4223 960 4275 debere
979 4233 1009 4273 te
1028 4238 1092 4272 non
1112 4217 1259 4275 dixistis
