<?xml version="1.0" encoding="UTF-8"?>
<!DOCTYPE html PUBLIC "-//W3C//DTD XHTML 1.0 Transitional//EN"
    "http://www.w3.org/TR/xhtml1/DTD/xhtml1-transitional.dtd">
<html xmlns="http://www.w3.org/1999/xhtml" xml:lang="en" lang="en">
 <head>
  <title>
</title>
<meta http-equiv="Content-Type" content="text/html;charset=utf-8" />
  <meta name='ocr-system' content='tesseract 3.04.00' />
  <meta name='ocr-capabilities' content='ocr_page ocr_carea ocr_par ocr_line ocrx_word'/>
</head>
<body>
  <div class='ocr_page' id='page_1' title='image "./paradoxa01wyttgoog_0317.png"; bbox 0 0 3059 4925; ppageno 0'>
   <div class='ocr_carea' id='block_1_1' title="bbox 531 464 1232 539">
    <p class='ocr_par' dir='ltr' id='par_1_1' title="bbox 531 464 1232 539">
     <span class='ocr_line' id='line_1_1' title="bbox 531 464 1232 539; baseline 0.003 -2"><span class='ocrx_word' id='word_1_1' title='bbox 531 490 726 538; x_wconf 74' lang='lat' dir='ltr'>ranuooxon</span> <span class='ocrx_word' id='word_1_2' title='bbox 744 493 786 538; x_wconf 89' lang='lat' dir='ltr'>vr.</span> <span class='ocrx_word' id='word_1_3' title='bbox 811 493 880 539; x_wconf 74' lang='lat' dir='ltr'>cir.</span> <span class='ocrx_word' id='word_1_4' title='bbox 897 495 919 539; x_wconf 89' lang='lat' dir='ltr'>t.</span> <span class='ocrx_word' id='word_1_5' title='bbox 1158 464 1232 539; x_wconf 87' lang='lat'>275</span> 
     </span>
    </p>
   </div>
   <div class='ocr_carea' id='block_1_2' title="bbox 180 649 1301 2910">
    <p class='ocr_par' dir='ltr' id='par_1_2' title="bbox 181 649 1233 1160">
     <span class='ocr_line' id='line_1_2' title="bbox 251 649 1233 722; baseline 0.001 -19"><span class='ocrx_word' id='word_1_6' title='bbox 251 661 360 721; x_wconf 84' lang='lat' dir='ltr'>propter</span> <span class='ocrx_word' id='word_1_7' title='bbox 378 651 538 702; x_wconf 80' lang='lat' dir='ltr'>ariditatem</span> <span class='ocrx_word' id='word_1_8' title='bbox 555 651 696 719; x_wconf 78' lang='lat' dir='ltr'>pecuniae]</span> <span class='ocrx_word' id='word_1_9' title='bbox 733 649 792 715; x_wconf 86' lang='lat' dir='ltr'>„M.</span> <span class='ocrx_word' id='word_1_10' title='bbox 818 651 927 704; x_wconf 79' lang='lat' dir='ltr'>Crassus</span> <span class='ocrx_word' id='word_1_11' title='bbox 952 649 1073 716; x_wconf 70' lang='lat' dir='ltr'>virtutes,</span> <span class='ocrx_word' id='word_1_12' title='bbox 1100 669 1166 722; x_wconf 83' lang='lat' dir='ltr'>quas</span> <span class='ocrx_word' id='word_1_13' title='bbox 1185 649 1233 704; x_wconf 85' lang='lat' dir='ltr'>ba·</span> 
     </span>
     <span class='ocr_line' id='line_1_3' title="bbox 181 737 1233 810; baseline 0 -18"><span class='ocrx_word' id='word_1_14' title='bbox 181 741 236 794; x_wconf 88' lang='lat' dir='ltr'>buit</span> <span class='ocrx_word' id='word_1_15' title='bbox 262 738 406 810; x_wconf 83' lang='lat' dir='ltr'>plurimas,</span> <span class='ocrx_word' id='word_1_16' title='bbox 436 737 515 791; x_wconf 88' lang='lat' dir='ltr'>uoius</span> <span class='ocrx_word' id='word_1_17' title='bbox 540 737 663 791; x_wconf 85' lang='lat' dir='ltr'>avaritiae</span> <span class='ocrx_word' id='word_1_18' title='bbox 691 737 816 791; x_wconf 87' lang='lat' dir='ltr'>sordibus</span> <span class='ocrx_word' id='word_1_19' title='bbox 847 737 1047 791; x_wconf 70' lang='lat' dir='ltr'><strong>contaminavit.</strong></span> <span class='ocrx_word' id='word_1_20' title='bbox 1067 766 1101 776; x_wconf 88' lang='lat'>-·</span> <span class='ocrx_word' id='word_1_21' title='bbox 1147 738 1233 793; x_wconf 82' lang='lat' dir='ltr'>Huius</span> 
     </span>
     <span class='ocr_line' id='line_1_4' title="bbox 181 824 1233 900; baseline 0.005 -23"><span class='ocrx_word' id='word_1_22' title='bbox 181 828 218 879; x_wconf 86' lang='lat' dir='ltr'>rei</span> <span class='ocrx_word' id='word_1_23' title='bbox 245 826 418 881; x_wconf 81' lang='lat' dir='ltr'>clarissimum</span> <span class='ocrx_word' id='word_1_24' title='bbox 445 826 625 880; x_wconf 85' lang='lat' dir='ltr'>testimonium</span> <span class='ocrx_word' id='word_1_25' title='bbox 651 827 762 898; x_wconf 76' lang='lat' dir='ltr'>praebet</span> <span class='ocrx_word' id='word_1_26' title='bbox 789 825 946 898; x_wconf 76' lang='lat' dir='ltr'>magnitudo</span> <span class='ocrx_word' id='word_1_27' title='bbox 970 824 1136 892; x_wconf 83' lang='lat' dir='ltr'>divitiarum,</span> <span class='ocrx_word' id='word_1_28' title='bbox 1167 847 1233 900; x_wconf 84' lang='lat' dir='ltr'>quas</span> 
     </span>
     <span class='ocr_line' id='line_1_5' title="bbox 181 912 1229 984; baseline 0.005 -19"><span class='ocrx_word' id='word_1_29' title='bbox 181 913 253 966; x_wconf 79' lang='lat' dir='ltr'>brevi</span> <span class='ocrx_word' id='word_1_30' title='bbox 272 912 417 966; x_wconf 82' lang='lat' dir='ltr'>edmodum</span> <span class='ocrx_word' id='word_1_31' title='bbox 437 924 559 983; x_wconf 86' lang='lat' dir='ltr'>tempore</span> <span class='ocrx_word' id='word_1_32' title='bbox 574 913 625 968; x_wconf 89' lang='lat' dir='ltr'>sibi</span> <span class='ocrx_word' id='word_1_33' title='bbox 642 914 815 984; x_wconf 81' lang='lat' dir='ltr'>compararit.</span> <span class='ocrx_word' id='word_1_34' title='bbox 856 914 944 968; x_wconf 79' lang='lat' dir='ltr'>Autor</span> <span class='ocrx_word' id='word_1_35' title='bbox 968 924 1007 967; x_wconf 89' lang='lat' dir='ltr'>est</span> <span class='ocrx_word' id='word_1_36' title='bbox 1025 913 1182 970; x_wconf 78' lang='lat' dir='ltr'>Plutarchus</span> <span class='ocrx_word' id='word_1_37' title='bbox 1200 917 1229 970; x_wconf 90' lang='lat' dir='ltr'>io</span> 
     </span>
     <span class='ocr_line' id='line_1_6' title="bbox 181 999 1232 1074; baseline 0.003 -21"><span class='ocrx_word' id='word_1_38' title='bbox 181 1001 316 1073; x_wconf 90' lang='lat' dir='ltr'>principio</span> <span class='ocrx_word' id='word_1_39' title='bbox 333 1001 399 1055; x_wconf 80' lang='lat' dir='ltr'>vitae</span> <span class='ocrx_word' id='word_1_40' title='bbox 418 1000 455 1053; x_wconf 88' lang='grc' dir='ltr'>Μ.</span> <span class='ocrx_word' id='word_1_41' title='bbox 475 999 581 1067; x_wconf 58' lang='lat' dir='ltr'>Cressis</span> <span class='ocrx_word' id='word_1_42' title='bbox 602 1002 648 1055; x_wconf 85' lang='lat' dir='ltr'>ubi</span> <span class='ocrx_word' id='word_1_43' title='bbox 668 1001 810 1066; x_wconf 77' lang='lat' dir='ltr'><strong>adscribit,</strong></span> <span class='ocrx_word' id='word_1_44' title='bbox 835 1019 916 1074; x_wconf 83' lang='lat' dir='ltr'>quam</span> <span class='ocrx_word' id='word_1_45' title='bbox 944 1000 1042 1055; x_wconf 88' lang='lat' dir='ltr'>iniuste</span> <span class='ocrx_word' id='word_1_46' title='bbox 1061 1011 1146 1056; x_wconf 82' lang='lat' dir='ltr'>lantes</span> <span class='ocrx_word' id='word_1_47' title='bbox 1164 1001 1232 1056; x_wconf 86' lang='lat' dir='ltr'>disi·</span> 
     </span>
     <span class='ocr_line' id='line_1_7' title="bbox 181 1087 1230 1160; baseline 0.004 -20"><span class='ocrx_word' id='word_1_48' title='bbox 181 1087 229 1142; x_wconf 83' lang='lat' dir='ltr'>tias</span> <span class='ocrx_word' id='word_1_49' title='bbox 247 1088 469 1160; x_wconf 79' lang='lat' dir='ltr'>comparaverit.“</span> <span class='ocrx_word' id='word_1_50' title='bbox 487 1087 559 1143; x_wconf 81' lang='lat' dir='ltr'>Frc.</span> <span class='ocrx_word' id='word_1_51' title='bbox 575 1088 666 1159; x_wconf 79' lang='lat' dir='ltr'>Syiv.</span> <span class='ocrx_word' id='word_1_52' title='bbox 704 1091 778 1157; x_wconf 87' lang='lat' dir='ltr'>[Vid.</span> <span class='ocrx_word' id='word_1_53' title='bbox 797 1089 872 1143; x_wconf 87' lang='lat' dir='ltr'>Piut.</span> <span class='ocrx_word' id='word_1_54' title='bbox 889 1089 917 1141; x_wconf 88' lang='lat' dir='ltr'>in</span> <span class='ocrx_word' id='word_1_55' title='bbox 934 1091 1031 1142; x_wconf 78' lang='lat' dir='ltr'>Crasso</span> <span class='ocrx_word' id='word_1_56' title='bbox 1055 1094 1123 1143; x_wconf 68' lang='lat' dir='ltr'>ct.</span> <span class='ocrx_word' id='word_1_57' title='bbox 1160 1092 1230 1160; x_wconf 79' lang='lat' dir='ltr'>Mn]</span> 
     </span>
    </p>

    <p class='ocr_par' dir='ltr' id='par_1_3' title="bbox 180 1178 1301 1682">
     <span class='ocr_line' id='line_1_8' title="bbox 255 1178 1232 1249; baseline 0 -20"><span class='ocrx_word' id='word_1_58' title='bbox 255 1178 359 1229; x_wconf 83' lang='lat' dir='ltr'>nullum</span> <span class='ocrx_word' id='word_1_59' title='bbox 388 1187 532 1249; x_wconf 81' lang='lat' dir='ltr'>quaestum</span> <span class='ocrx_word' id='word_1_60' title='bbox 559 1187 665 1245; x_wconf 79' lang='lat' dir='ltr'>turpem</span> <span class='ocrx_word' id='word_1_61' title='bbox 691 1179 805 1246; x_wconf 85' lang='lat' dir='ltr'>putas‚]</span> <span class='ocrx_word' id='word_1_62' title='bbox 843 1181 966 1245; x_wconf 43' lang='lat' dir='ltr'>„Tarpa</span> <span class='ocrx_word' id='word_1_63' title='bbox 995 1194 1073 1231; x_wconf 82' lang='lat' dir='ltr'>unus.</span> <span class='ocrx_word' id='word_1_64' title='bbox 1118 1180 1232 1247; x_wconf 79' lang='lat' dir='ltr'>Turpem</span> 
     </span>
     <span class='ocr_line' id='line_1_9' title="bbox 182 1262 1231 1334; baseline -0.001 -18"><span class='ocrx_word' id='word_1_65' title='bbox 182 1274 324 1334; x_wconf 82' lang='lat' dir='ltr'>quaestum</span> <span class='ocrx_word' id='word_1_66' title='bbox 340 1275 437 1333; x_wconf 79' lang='lat' dir='ltr'>putus,</span> <span class='ocrx_word' id='word_1_67' title='bbox 456 1267 552 1317; x_wconf 86' lang='lat' dir='ltr'>unus.“</span> <span class='ocrx_word' id='word_1_68' title='bbox 573 1263 645 1316; x_wconf 82' lang='lat' dir='ltr'>Aid.</span> <span class='ocrx_word' id='word_1_69' title='bbox 664 1262 791 1318; x_wconf 79' lang='lat' dir='ltr'>Manat.</span> <span class='ocrx_word' id='word_1_70' title='bbox 828 1264 895 1316; x_wconf 79' lang='lat' dir='ltr'>cod.</span> <span class='ocrx_word' id='word_1_71' title='bbox 922 1266 981 1316; x_wconf 75' lang='lat' dir='ltr'>cn.</span> <span class='ocrx_word' id='word_1_72' title='bbox 1001 1265 1028 1315; x_wconf 99' lang='grc'><strong>1.</strong></span> <span class='ocrx_word' id='word_1_73' title='bbox 1057 1272 1144 1331; x_wconf 83' lang='lat' dir='ltr'>putus</span> <span class='ocrx_word' id='word_1_74' title='bbox 1170 1273 1231 1315; x_wconf 86' lang='lat' dir='ltr'>tur-</span> 
     </span>
     <span class='ocr_line' id='line_1_10' title="bbox 180 1348 1232 1423; baseline 0 -20"><span class='ocrx_word' id='word_1_75' title='bbox 180 1369 257 1419; x_wconf 85' lang='lat' dir='ltr'>pem‚·</span> <span class='ocrx_word' id='word_1_76' title='bbox 282 1352 387 1404; x_wconf 80' lang='lat' dir='ltr'>nullum</span> <span class='ocrx_word' id='word_1_77' title='bbox 405 1362 546 1423; x_wconf 80' lang='lat' dir='ltr'>quaestum</span> <span class='ocrx_word' id='word_1_78' title='bbox 566 1361 674 1420; x_wconf 87' lang='lat' dir='ltr'>turpe</span> <span class='ocrx_word' id='word_1_79' title='bbox 698 1351 832 1403; x_wconf 85' lang='lat' dir='ltr'>luorum</span> <span class='ocrx_word' id='word_1_80' title='bbox 848 1360 941 1420; x_wconf 86' lang='lat' dir='ltr'>putas.</span> <span class='ocrx_word' id='word_1_81' title='bbox 981 1349 1060 1403; x_wconf 85' lang='lat' dir='ltr'>Vides</span> <span class='ocrx_word' id='word_1_82' title='bbox 1087 1348 1112 1402; x_wconf 77' lang='lat' dir='ltr'>h.</span> <span class='ocrx_word' id='word_1_83' title='bbox 1130 1349 1148 1401; x_wconf 87' lang='grc' dir='ltr'>Ι.</span> <span class='ocrx_word' id='word_1_84' title='bbox 1175 1352 1232 1420; x_wconf 89' lang='lat' dir='ltr'>pri·</span> 
     </span>
     <span class='ocr_line' id='line_1_11' title="bbox 182 1436 1231 1510; baseline 0.003 -21"><span class='ocrx_word' id='word_1_85' title='bbox 182 1455 256 1490; x_wconf 82' lang='lat' dir='ltr'>muns</span> <span class='ocrx_word' id='word_1_86' title='bbox 274 1438 387 1510; x_wconf 66' lang='lat' dir='ltr'>glossam</span> <span class='ocrx_word' id='word_1_87' title='bbox 405 1439 510 1491; x_wconf 82' lang='lat' dir='ltr'>lucrum</span> <span class='ocrx_word' id='word_1_88' title='bbox 526 1438 573 1507; x_wconf 79' lang='lat' dir='ltr'>(sd</span> <span class='ocrx_word' id='word_1_89' title='bbox 592 1442 749 1510; x_wconf 83' lang='lat' dir='ltr'>quaestum)</span> <span class='ocrx_word' id='word_1_90' title='bbox 768 1438 796 1491; x_wconf 91' lang='lat' dir='ltr'>in</span> <span class='ocrx_word' id='word_1_91' title='bbox 815 1438 947 1490; x_wconf 78' lang='lat' dir='ltr'>sermonis</span> <span class='ocrx_word' id='word_1_92' title='bbox 964 1438 1060 1490; x_wconf 82' lang='lat' dir='ltr'>seriem</span> <span class='ocrx_word' id='word_1_93' title='bbox 1086 1436 1231 1509; x_wconf 70' lang='lat' dir='ltr'>irrepsisse,</span> 
     </span>
     <span class='ocr_line' id='line_1_12' title="bbox 181 1524 1301 1595; baseline -0.002 -16"><span class='ocrx_word' id='word_1_94' title='bbox 181 1526 277 1580; x_wconf 86' lang='lat' dir='ltr'>deiude</span> <span class='ocrx_word' id='word_1_95' title='bbox 294 1528 452 1581; x_wconf 77' lang='lat' dir='ltr'>adiectivum</span> <span class='ocrx_word' id='word_1_96' title='bbox 471 1536 578 1595; x_wconf 79' lang='lat' dir='ltr'><em>turpem</em></span> <span class='ocrx_word' id='word_1_97' title='bbox 594 1524 627 1579; x_wconf 89' lang='lat' dir='ltr'>ad</span> <span class='ocrx_word' id='word_1_98' title='bbox 645 1544 704 1578; x_wconf 84' lang='lat' dir='ltr'>eam</span> <span class='ocrx_word' id='word_1_99' title='bbox 723 1526 954 1580; x_wconf 78' lang='lat' dir='ltr'>accommodatam</span> <span class='ocrx_word' id='word_1_100' title='bbox 973 1544 1036 1578; x_wconf 89' lang='lat' dir='ltr'>esse.</span> <span class='ocrx_word' id='word_1_101' title='bbox 1075 1524 1129 1578; x_wconf 87' lang='lat' dir='ltr'>Pro</span> <span class='ocrx_word' id='word_1_102' title='bbox 1146 1536 1233 1594; x_wconf 84' lang='lat' dir='ltr'>putus</span> <span class='ocrx_word' id='word_1_103' title='bbox 1296 1538 1301 1547; x_wconf 61' lang='lat'><strong>⁶</strong></span> 
     </span>
     <span class='ocr_line' id='line_1_13' title="bbox 182 1611 572 1682; baseline 0.005 -18"><span class='ocrx_word' id='word_1_104' title='bbox 182 1622 219 1664; x_wconf 87' lang='lat' dir='ltr'>est</span> <span class='ocrx_word' id='word_1_105' title='bbox 233 1623 317 1682; x_wconf 86' lang='lat' dir='ltr'>putes</span> <span class='ocrx_word' id='word_1_106' title='bbox 334 1614 362 1666; x_wconf 89' lang='lat' dir='ltr'>in</span> <span class='ocrx_word' id='word_1_107' title='bbox 378 1614 429 1666; x_wconf 83' lang='lat' dir='ltr'>Os.</span> <span class='ocrx_word' id='word_1_108' title='bbox 448 1633 473 1682; x_wconf 76' lang='lat' dir='ltr'>n.</span> <span class='ocrx_word' id='word_1_109' title='bbox 511 1611 572 1666; x_wconf 70' lang='lat' dir='ltr'>Mr-</span> 
     </span>
    </p>

    <p class='ocr_par' dir='ltr' id='par_1_4' title="bbox 180 1694 1237 2910">
     <span class='ocr_line' id='line_1_14' title="bbox 252 1694 1233 1772; baseline -0.002 -18"><span class='ocrx_word' id='word_1_110' title='bbox 252 1720 336 1772; x_wconf 86' lang='lat' dir='ltr'>quum</span> <span class='ocrx_word' id='word_1_111' title='bbox 352 1703 401 1753; x_wconf 85' lang='lat' dir='ltr'>isti</span> <span class='ocrx_word' id='word_1_112' title='bbox 418 1694 506 1754; x_wconf 76' lang='lat' dir='ltr'>ordini</span> <span class='ocrx_word' id='word_1_113' title='bbox 523 1718 555 1752; x_wconf 85' lang='lat' dir='ltr'>ne</span> <span class='ocrx_word' id='word_1_114' title='bbox 572 1700 703 1751; x_wconf 65' lang='lat' dir='ltr'>bonanus</span> <span class='ocrx_word' id='word_1_115' title='bbox 724 1699 832 1770; x_wconf 85' lang='lat' dir='ltr'>quidem</span> <span class='ocrx_word' id='word_1_116' title='bbox 847 1699 935 1767; x_wconf 77' lang='lat' dir='ltr'>possit</span> <span class='ocrx_word' id='word_1_117' title='bbox 957 1713 1014 1748; x_wconf 85' lang='lat' dir='ltr'>esse</span> <span class='ocrx_word' id='word_1_118' title='bbox 1032 1697 1118 1763; x_wconf 81' lang='lat' dir='ltr'>ullus]</span> <span class='ocrx_word' id='word_1_119' title='bbox 1153 1699 1190 1762; x_wconf 78' lang='lat' dir='ltr'>„i</span> <span class='ocrx_word' id='word_1_120' title='bbox 1209 1719 1233 1752; x_wconf 89' lang='lat' dir='ltr'>e.</span> 
     </span>
     <span class='ocr_line' id='line_1_15' title="bbox 181 1784 1233 1861; baseline -0.003 -22"><span class='ocrx_word' id='word_1_121' title='bbox 181 1786 330 1855; x_wconf 79' lang='lat' dir='ltr'>Senatorio,</span> <span class='ocrx_word' id='word_1_122' title='bbox 350 1808 379 1842; x_wconf 83' lang='lat' dir='ltr'>es</span> <span class='ocrx_word' id='word_1_123' title='bbox 389 1808 445 1861; x_wconf 86' lang='lat' dir='ltr'>quo</span> <span class='ocrx_word' id='word_1_124' title='bbox 454 1799 483 1842; x_wconf 94' lang='lat' dir='ltr'>tu</span> <span class='ocrx_word' id='word_1_125' title='bbox 494 1807 530 1841; x_wconf 89' lang='lat' dir='ltr'>es.</span> <span class='ocrx_word' id='word_1_126' title='bbox 566 1787 685 1839; x_wconf 77' lang='lat' dir='ltr'>Auctore</span> <span class='ocrx_word' id='word_1_127' title='bbox 705 1784 737 1838; x_wconf 90' lang='lat' dir='ltr'>T.</span> <span class='ocrx_word' id='word_1_128' title='bbox 746 1785 821 1838; x_wconf 79' lang='lat' dir='ltr'>Livio</span> <span class='ocrx_word' id='word_1_129' title='bbox 840 1785 870 1839; x_wconf 77' lang='lat' dir='ltr'>L.</span> <span class='ocrx_word' id='word_1_130' title='bbox 882 1784 1014 1851; x_wconf 59' lang='lat' dir='ltr'>xxiiii.</span> <span class='ocrx_word' id='word_1_131' title='bbox 1053 1784 1085 1853; x_wconf 82' lang='lat' dir='ltr'>Q.</span> <span class='ocrx_word' id='word_1_132' title='bbox 1102 1784 1233 1836; x_wconf 81' lang='lat' dir='ltr'>Claudius</span> 
     </span>
     <span class='ocr_line' id='line_1_16' title="bbox 185 1872 1233 1945; baseline -0.001 -21"><span class='ocrx_word' id='word_1_133' title='bbox 185 1874 320 1928; x_wconf 81' lang='lat' dir='ltr'>Tribunus</span> <span class='ocrx_word' id='word_1_134' title='bbox 334 1875 434 1945; x_wconf 84' lang='lat' dir='ltr'>piebis,</span> <span class='ocrx_word' id='word_1_135' title='bbox 452 1875 536 1944; x_wconf 71' lang='lat' dir='ltr'>legem</span> <span class='ocrx_word' id='word_1_136' title='bbox 555 1872 636 1935; x_wconf 86' lang='lat' dir='ltr'>tulit,</span> <span class='ocrx_word' id='word_1_137' title='bbox 655 1890 687 1923; x_wconf 85' lang='lat' dir='ltr'>ne</span> <span class='ocrx_word' id='word_1_138' title='bbox 706 1873 769 1942; x_wconf 86' lang='lat' dir='ltr'>quis</span> <span class='ocrx_word' id='word_1_139' title='bbox 787 1876 911 1937; x_wconf 77' lang='lat' dir='ltr'>Senator,</span> <span class='ocrx_word' id='word_1_140' title='bbox 930 1873 1010 1943; x_wconf 82' lang='lat' dir='ltr'>quive</span> <span class='ocrx_word' id='word_1_141' title='bbox 1026 1872 1165 1924; x_wconf 74' lang='lat' dir='ltr'>&amp;notorie</span> <span class='ocrx_word' id='word_1_142' title='bbox 1179 1890 1233 1941; x_wconf 87' lang='lat' dir='ltr'>po·</span> 
     </span>
     <span class='ocr_line' id='line_1_17' title="bbox 182 1960 1233 2032; baseline -0.001 -21"><span class='ocrx_word' id='word_1_143' title='bbox 182 1972 224 2014; x_wconf 86' lang='lat' dir='ltr'>ter</span> <span class='ocrx_word' id='word_1_144' title='bbox 235 1964 355 2032; x_wconf 84' lang='lat' dir='ltr'>fuisset,</span> <span class='ocrx_word' id='word_1_145' title='bbox 373 1962 536 2015; x_wconf 73' lang='lat' dir='ltr'><em>maritimam</em></span> <span class='ocrx_word' id='word_1_146' title='bbox 553 1978 665 2023; x_wconf 81' lang='lat' dir='ltr'>novem,</span> <span class='ocrx_word' id='word_1_147' title='bbox 689 1977 759 2030; x_wconf 83' lang='lat' dir='ltr'>quae</span> <span class='ocrx_word' id='word_1_148' title='bbox 775 1960 840 2028; x_wconf 86' lang='lat' dir='ltr'>pius</span> <span class='ocrx_word' id='word_1_149' title='bbox 864 1978 947 2031; x_wconf 81' lang='lat' dir='ltr'>quarn</span> <span class='ocrx_word' id='word_1_150' title='bbox 969 1969 1151 2012; x_wconf 83' lang='lat' dir='ltr'>trecentorum</span> <span class='ocrx_word' id='word_1_151' title='bbox 1175 1978 1233 2010; x_wconf 83' lang='lat' dir='ltr'>urn-</span> 
     </span>
     <span class='ocr_line' id='line_1_18' title="bbox 180 2046 1234 2119; baseline -0.002 -19"><span class='ocrx_word' id='word_1_152' title='bbox 180 2050 327 2119; x_wconf 80' lang='lat' dir='ltr'>plsorurum</span> <span class='ocrx_word' id='word_1_153' title='bbox 342 2048 564 2114; x_wconf 60' lang='lat' dir='ltr'>assentatore.</span> <span class='ocrx_word' id='word_1_154' title='bbox 605 2047 641 2099; x_wconf 88' lang='lat' dir='ltr'>Id</span> <span class='ocrx_word' id='word_1_155' title='bbox 658 2048 728 2099; x_wconf 85' lang='lat' dir='ltr'>sutis</span> <span class='ocrx_word' id='word_1_156' title='bbox 753 2046 878 2099; x_wconf 69' lang='lat' dir='ltr'>tainum</span> <span class='ocrx_word' id='word_1_157' title='bbox 902 2048 941 2098; x_wconf 85' lang='lat' dir='ltr'>od</span> <span class='ocrx_word' id='word_1_158' title='bbox 958 2047 1076 2116; x_wconf 76' lang='lat' dir='ltr'>fructus</span> <span class='ocrx_word' id='word_1_159' title='bbox 1102 2063 1136 2097; x_wconf 75' lang='lat' dir='ltr'>ex</span> <span class='ocrx_word' id='word_1_160' title='bbox 1159 2048 1234 2116; x_wconf 80' lang='lat' dir='ltr'>agris</span> 
     </span>
     <span class='ocr_line' id='line_1_19' title="bbox 182 2132 1233 2205; baseline -0.003 -17"><span class='ocrx_word' id='word_1_161' title='bbox 182 2137 334 2193; x_wconf 79' lang='lat' dir='ltr'>vertendos.</span> <span class='ocrx_word' id='word_1_162' title='bbox 382 2135 428 2190; x_wconf 84' lang='lat' dir='ltr'>iiis</span> <span class='ocrx_word' id='word_1_163' title='bbox 461 2135 546 2190; x_wconf 78' lang='lat' dir='ltr'>verbis</span> <span class='ocrx_word' id='word_1_164' title='bbox 575 2134 708 2205; x_wconf 68' lang='lat' dir='ltr'>significat</span> <span class='ocrx_word' id='word_1_165' title='bbox 740 2146 919 2189; x_wconf 78' lang='lat' dir='ltr'>mercaturam</span> <span class='ocrx_word' id='word_1_166' title='bbox 952 2152 1117 2204; x_wconf 85' lang='lat' dir='ltr'>omnemque</span> <span class='ocrx_word' id='word_1_167' title='bbox 1151 2132 1233 2186; x_wconf 78' lang='lat' dir='ltr'>atium</span> 
     </span>
     <span class='ocr_line' id='line_1_20' title="bbox 183 2220 1235 2298; baseline -0.006 -20"><span class='ocrx_word' id='word_1_168' title='bbox 183 2236 320 2298; x_wconf 83' lang='lat' dir='ltr'>quaestum</span> <span class='ocrx_word' id='word_1_169' title='bbox 338 2224 461 2278; x_wconf 84' lang='lat' dir='ltr'>Senatori</span> <span class='ocrx_word' id='word_1_170' title='bbox 480 2235 586 2295; x_wconf 83' lang='lat' dir='ltr'>turpem</span> <span class='ocrx_word' id='word_1_171' title='bbox 605 2227 690 2277; x_wconf 84' lang='lat' dir='ltr'>esse.“</span> <span class='ocrx_word' id='word_1_172' title='bbox 708 2222 730 2274; x_wconf 83' lang='lat' dir='ltr'>F</span> <span class='ocrx_word' id='word_1_173' title='bbox 738 2241 783 2277; x_wconf 91' lang='lat' dir='ltr'>rc.</span> <span class='ocrx_word' id='word_1_174' title='bbox 801 2222 893 2292; x_wconf 84' lang='lat' dir='ltr'>Sylv.</span> <span class='ocrx_word' id='word_1_175' title='bbox 941 2221 1021 2288; x_wconf 83' lang='lat' dir='ltr'>„Non</span> <span class='ocrx_word' id='word_1_176' title='bbox 1042 2220 1140 2274; x_wconf 83' lang='lat' dir='ltr'>licebat</span> <span class='ocrx_word' id='word_1_177' title='bbox 1157 2239 1235 2273; x_wconf 86' lang='lat' dir='ltr'>sena-</span> 
     </span>
     <span class='ocr_line' id='line_1_21' title="bbox 183 2307 1234 2386; baseline -0.009 -20"><span class='ocrx_word' id='word_1_178' title='bbox 183 2314 285 2366; x_wconf 90' lang='lat' dir='ltr'>toribus</span> <span class='ocrx_word' id='word_1_179' title='bbox 302 2332 389 2386; x_wconf 86' lang='lat' dir='ltr'>neque</span> <span class='ocrx_word' id='word_1_180' title='bbox 408 2313 547 2385; x_wconf 80' lang='lat' dir='ltr'>honesturn</span> <span class='ocrx_word' id='word_1_181' title='bbox 566 2321 640 2377; x_wconf 84' lang='lat' dir='ltr'>erat,</span> <span class='ocrx_word' id='word_1_182' title='bbox 657 2310 749 2374; x_wconf 82' lang='lat' dir='ltr'>aliurn,</span> <span class='ocrx_word' id='word_1_183' title='bbox 770 2329 852 2381; x_wconf 82' lang='lat' dir='ltr'>quarn</span> <span class='ocrx_word' id='word_1_184' title='bbox 871 2328 900 2362; x_wconf 83' lang='lat' dir='ltr'>es</span> <span class='ocrx_word' id='word_1_185' title='bbox 918 2329 948 2362; x_wconf 91' lang='lat' dir='ltr'>re</span> <span class='ocrx_word' id='word_1_186' title='bbox 968 2307 1075 2373; x_wconf 82' lang='lat' dir='ltr'>rustica,</span> <span class='ocrx_word' id='word_1_187' title='bbox 1094 2317 1234 2377; x_wconf 82' lang='lat' dir='ltr'>quaestum</span> 
     </span>
     <span class='ocr_line' id='line_1_22' title="bbox 183 2392 1235 2470; baseline -0.008 -17"><span class='ocrx_word' id='word_1_188' title='bbox 183 2402 333 2453; x_wconf 80' lang='lat' dir='ltr'>exercere.“</span> <span class='ocrx_word' id='word_1_189' title='bbox 351 2400 429 2452; x_wconf 81' lang='lat' dir='ltr'>Ern.</span> <span class='ocrx_word' id='word_1_190' title='bbox 472 2398 590 2467; x_wconf 80' lang='lat' dir='ltr'>„Ordini</span> <span class='ocrx_word' id='word_1_191' title='bbox 609 2399 744 2451; x_wconf 87' lang='lat' dir='ltr'>senatorio</span> <span class='ocrx_word' id='word_1_192' title='bbox 765 2396 855 2450; x_wconf 87' lang='lat' dir='ltr'>nuilus</span> <span class='ocrx_word' id='word_1_193' title='bbox 874 2407 998 2470; x_wconf 76' lang='lat' dir='ltr'>quaestus</span> <span class='ocrx_word' id='word_1_194' title='bbox 1015 2405 1073 2448; x_wconf 85' lang='lat' dir='ltr'>erat</span> <span class='ocrx_word' id='word_1_195' title='bbox 1096 2392 1235 2447; x_wconf 82' lang='lat' dir='ltr'>honestus:</span> 
     </span>
     <span class='ocr_line' id='line_1_23' title="bbox 183 2486 1236 2557; baseline -0.005 -16"><span class='ocrx_word' id='word_1_196' title='bbox 183 2497 210 2541; x_wconf 89' lang='lat' dir='ltr'>at</span> <span class='ocrx_word' id='word_1_197' title='bbox 227 2486 342 2557; x_wconf 78' lang='lat' dir='ltr'>equestri</span> <span class='ocrx_word' id='word_1_198' title='bbox 361 2488 449 2541; x_wconf 88' lang='lat' dir='ltr'>ordini</span> <span class='ocrx_word' id='word_1_199' title='bbox 469 2487 520 2542; x_wconf 84' lang='lat' dir='ltr'>hoc</span> <span class='ocrx_word' id='word_1_200' title='bbox 542 2487 758 2552; x_wconf 73' lang='lat' dir='ltr'>concedebatur,</span> <span class='ocrx_word' id='word_1_201' title='bbox 786 2498 816 2539; x_wconf 90' lang='lat' dir='ltr'>ut</span> <span class='ocrx_word' id='word_1_202' title='bbox 840 2486 1016 2556; x_wconf 86' lang='lat' dir='ltr'>possessiones</span> <span class='ocrx_word' id='word_1_203' title='bbox 1041 2500 1101 2535; x_wconf 89' lang='lat' dir='ltr'>suas</span> <span class='ocrx_word' id='word_1_204' title='bbox 1127 2495 1236 2552; x_wconf 76' lang='lat' dir='ltr'>augeret</span> 
     </span>
     <span class='ocr_line' id='line_1_24' title="bbox 183 2567 1236 2647; baseline -0.008 -19"><span class='ocrx_word' id='word_1_205' title='bbox 183 2576 360 2647; x_wconf 73' lang='lat' dir='ltr'>agricultura,</span> <span class='ocrx_word' id='word_1_206' title='bbox 381 2575 546 2628; x_wconf 83' lang='lat' dir='ltr'>redemtione</span> <span class='ocrx_word' id='word_1_207' title='bbox 565 2574 748 2645; x_wconf 75' lang='lat' dir='ltr'>vectigalium,</span> <span class='ocrx_word' id='word_1_208' title='bbox 768 2584 933 2635; x_wconf 75' lang='lat' dir='ltr'>mercatura,</span> <span class='ocrx_word' id='word_1_209' title='bbox 952 2571 1022 2624; x_wconf 84' lang='lat' dir='ltr'>eet.“</span> <span class='ocrx_word' id='word_1_210' title='bbox 1041 2596 1076 2606; x_wconf 90' lang='lat'><em>-</em></span> <span class='ocrx_word' id='word_1_211' title='bbox 1094 2567 1236 2633; x_wconf 83' lang='lat' dir='ltr'>„ariditas</span> 
     </span>
     <span class='ocr_line' id='line_1_25' title="bbox 185 2654 1237 2735; baseline -0.01 -18"><span class='ocrx_word' id='word_1_212' title='bbox 185 2676 222 2717; x_wconf 87' lang='lat' dir='ltr'>est</span> <span class='ocrx_word' id='word_1_213' title='bbox 240 2665 274 2719; x_wconf 83' lang='lat' dir='ltr'>ab</span> <span class='ocrx_word' id='word_1_214' title='bbox 292 2682 370 2726; x_wconf 77' lang='lat' dir='ltr'>oreo,</span> <span class='ocrx_word' id='word_1_215' title='bbox 392 2663 464 2735; x_wconf 85' lang='lat' dir='ltr'>quod</span> <span class='ocrx_word' id='word_1_216' title='bbox 482 2673 627 2734; x_wconf 77' lang='lat' dir='ltr'>cognatum</span> <span class='ocrx_word' id='word_1_217' title='bbox 646 2674 684 2716; x_wconf 91' lang='lat' dir='ltr'>est</span> <span class='ocrx_word' id='word_1_218' title='bbox 703 2681 765 2716; x_wconf 80' lang='lat' dir='ltr'>cuns</span> <span class='ocrx_word' id='word_1_219' title='bbox 783 2678 882 2733; x_wconf 74' lang='lat' dir='ltr'>graeco</span> <span class='ocrx_word' id='word_1_220' title='bbox 898 2656 974 2725; x_wconf 82' lang='grc' dir='ltr'>χὰω,</span> <span class='ocrx_word' id='word_1_221' title='bbox 999 2656 1059 2721; x_wconf 82' lang='lat' dir='ltr'>hio,</span> <span class='ocrx_word' id='word_1_222' title='bbox 1079 2654 1150 2707; x_wconf 88' lang='lat' dir='ltr'>unde</span> <span class='ocrx_word' id='word_1_223' title='bbox 1168 2655 1237 2708; x_wconf 91' lang='lat' dir='ltr'>dici-</span> 
     </span>
     <span class='ocr_line' id='line_1_26' title="bbox 184 2740 1236 2822; baseline -0.01 -18"><span class='ocrx_word' id='word_1_224' title='bbox 184 2763 229 2805; x_wconf 90' lang='lat' dir='ltr'>tur</span> <span class='ocrx_word' id='word_1_225' title='bbox 251 2752 315 2805; x_wconf 86' lang='lat' dir='ltr'>item</span> <span class='ocrx_word' id='word_1_226' title='bbox 342 2769 460 2816; x_wconf 79' lang='lat' dir='ltr'>oratus,</span> <span class='ocrx_word' id='word_1_227' title='bbox 489 2751 563 2822; x_wconf 86' lang='lat' dir='ltr'>quasi</span> <span class='ocrx_word' id='word_1_228' title='bbox 590 2750 695 2803; x_wconf 82' lang='lat' dir='ltr'>inhians</span> <span class='ocrx_word' id='word_1_229' title='bbox 723 2750 802 2803; x_wconf 83' lang='lat' dir='ltr'>alicui</span> <span class='ocrx_word' id='word_1_230' title='bbox 828 2748 881 2801; x_wconf 85' lang='lat' dir='ltr'>rei:</span> <span class='ocrx_word' id='word_1_231' title='bbox 911 2745 983 2798; x_wconf 85' lang='lat' dir='ltr'>uode</span> <span class='ocrx_word' id='word_1_232' title='bbox 1001 2743 1073 2814; x_wconf 85' lang='lat' dir='ltr'>apud</span> <span class='ocrx_word' id='word_1_233' title='bbox 1093 2740 1236 2811; x_wconf 71' lang='lat' dir='ltr'>Virgilium</span> 
     </span>
     <span class='ocr_line' id='line_1_27' title="bbox 187 2827 1235 2910; baseline -0.009 -20"><span class='ocrx_word' id='word_1_234' title='bbox 187 2836 299 2910; x_wconf 75' lang='lat' dir='ltr'>[Georg.</span> <span class='ocrx_word' id='word_1_235' title='bbox 317 2836 351 2903; x_wconf 87' lang='lat' dir='ltr'>il,</span> <span class='ocrx_word' id='word_1_236' title='bbox 370 2839 445 2904; x_wconf 58' lang='lat' dir='ltr'>atta]</span> <span class='ocrx_word' id='word_1_237' title='bbox 464 2838 597 2906; x_wconf 86' lang='lat' dir='ltr'>strepitus</span> <span class='ocrx_word' id='word_1_238' title='bbox 613 2838 778 2891; x_wconf 77' lang='lat' dir='ltr'>Acherontis</span> <span class='ocrx_word' id='word_1_239' title='bbox 794 2837 903 2890; x_wconf 82' lang='lat' dir='ltr'>ovori.“</span> <span class='ocrx_word' id='word_1_240' title='bbox 922 2827 1169 2902; x_wconf 80' lang='lat' dir='ltr'>Wyttenbach.</span> <span class='ocrx_word' id='word_1_241' title='bbox 1205 2829 1235 2882; x_wconf 88' lang='lat' dir='ltr'>in</span> 
     </span>
    </p>
   </div>
   <div class='ocr_carea' id='block_1_3' title="bbox 62 2913 1239 3082">
    <p class='ocr_par' dir='ltr' id='par_1_5' title="bbox 62 2913 1239 3082">
     <span class='ocr_line' id='line_1_28' title="bbox 62 2913 1239 2997; baseline -0.011 -18"><span class='ocrx_word' id='word_1_242' title='bbox 62 2977 77 2988; x_wconf 72' lang='grc'><strong>,</strong></span> <span class='ocrx_word' id='word_1_243' title='bbox 185 2925 270 2978; x_wconf 80' lang='lat' dir='ltr'>Codri.</span> <span class='ocrx_word' id='word_1_244' title='bbox 289 2935 418 2997; x_wconf 85' lang='lat' dir='ltr'>quattuor</span> <span class='ocrx_word' id='word_1_245' title='bbox 435 2923 498 2976; x_wconf 78' lang='lat' dir='ltr'>Atdi</span> <span class='ocrx_word' id='word_1_246' title='bbox 516 2923 591 2977; x_wconf 75' lang='lat' dir='ltr'>Man.</span> <span class='ocrx_word' id='word_1_247' title='bbox 616 2936 654 2978; x_wconf 89' lang='lat' dir='ltr'>est</span> <span class='ocrx_word' id='word_1_248' title='bbox 678 2925 732 2977; x_wconf 84' lang='lat' dir='ltr'>isto</span> <span class='ocrx_word' id='word_1_249' title='bbox 757 2925 859 2976; x_wconf 85' lang='lat' dir='ltr'>ordine.</span> <span class='ocrx_word' id='word_1_250' title='bbox 900 2920 1029 2973; x_wconf 77' lang='lat' dir='ltr'>Similiter</span> <span class='ocrx_word' id='word_1_251' title='bbox 1052 2916 1104 2972; x_wconf 80' lang='lat' dir='ltr'>Os.</span> <span class='ocrx_word' id='word_1_252' title='bbox 1122 2913 1143 2968; x_wconf 92' lang='grc' dir='ltr'>Ι.</span> <span class='ocrx_word' id='word_1_253' title='bbox 1166 2917 1239 2967; x_wconf 87' lang='lat' dir='ltr'>isto</span> 
     </span>
     <span class='ocr_line' id='line_1_29' title="bbox 84 3003 1238 3082; baseline -0.006 -20"><span class='ocrx_word' id='word_1_254' title='bbox 84 3077 86 3082; x_wconf 25' lang='lat'><strong>⁴</strong></span> <span class='ocrx_word' id='word_1_255' title='bbox 187 3011 288 3062; x_wconf 88' lang='lat' dir='ltr'>ordine</span> <span class='ocrx_word' id='word_1_256' title='bbox 306 3013 379 3074; x_wconf 80' lang='lat' dir='ltr'>iseo,</span> <span class='ocrx_word' id='word_1_257' title='bbox 404 3009 454 3063; x_wconf 83' lang='lat' dir='ltr'>Os.</span> <span class='ocrx_word' id='word_1_258' title='bbox 474 3010 506 3063; x_wconf 86' lang='grc' dir='ltr'><strong>Ε.</strong></span> <span class='ocrx_word' id='word_1_259' title='bbox 523 3011 554 3063; x_wconf 84' lang='lat' dir='ltr'>in</span> <span class='ocrx_word' id='word_1_260' title='bbox 570 3011 624 3064; x_wconf 86' lang='lat' dir='ltr'>isto</span> <span class='ocrx_word' id='word_1_261' title='bbox 642 3011 734 3063; x_wconf 85' lang='lat' dir='ltr'>ordine</span> <span class='ocrx_word' id='word_1_262' title='bbox 751 3030 820 3070; x_wconf 72' lang='lat' dir='ltr'>nom</span> <span class='ocrx_word' id='word_1_263' title='bbox 853 3012 911 3061; x_wconf 79' lang='lat' dir='ltr'>Cn.</span> <span class='ocrx_word' id='word_1_264' title='bbox 937 3010 963 3059; x_wconf 86' lang='grc'><strong>1.</strong></span> <span class='ocrx_word' id='word_1_265' title='bbox 987 3005 1037 3057; x_wconf 87' lang='lat' dir='ltr'>isti</span> <span class='ocrx_word' id='word_1_266' title='bbox 1061 3003 1150 3056; x_wconf 85' lang='lat' dir='ltr'>ordini</span> <span class='ocrx_word' id='word_1_267' title='bbox 1172 3022 1238 3055; x_wconf 84' lang='lat' dir='ltr'>non</span> 
     </span>
    </p>
   </div>
   <div class='ocr_carea' id='block_1_4' title="bbox 187 3089 1240 3783">
    <p class='ocr_par' dir='ltr' id='par_1_6' title="bbox 187 3089 1240 3693">
     <span class='ocr_line' id='line_1_30' title="bbox 187 3089 1238 3170; baseline -0.008 -19"><span class='ocrx_word' id='word_1_268' title='bbox 187 3100 330 3162; x_wconf 75' lang='lat' dir='ltr'>honestus,</span> <span class='ocrx_word' id='word_1_269' title='bbox 348 3097 446 3151; x_wconf 86' lang='lat' dir='ltr'>omisso</span> <span class='ocrx_word' id='word_1_270' title='bbox 465 3098 571 3170; x_wconf 77' lang='lat' dir='ltr'>quidem</span> <span class='ocrx_word' id='word_1_271' title='bbox 577 3119 588 3158; x_wconf 87' lang='lat'>,·</span> <span class='ocrx_word' id='word_1_272' title='bbox 607 3098 687 3151; x_wconf 86' lang='lat' dir='ltr'>Drsd.</span> <span class='ocrx_word' id='word_1_273' title='bbox 707 3103 733 3152; x_wconf 84' lang='lat'>5.</span> <span class='ocrx_word' id='word_1_274' title='bbox 752 3116 811 3149; x_wconf 86' lang='lat' dir='ltr'>nec</span> <span class='ocrx_word' id='word_1_275' title='bbox 829 3097 958 3149; x_wconf 74' lang='lat' dir='ltr'>honestus</span> <span class='ocrx_word' id='word_1_276' title='bbox 977 3091 1099 3164; x_wconf 67' lang='lat' dir='ltr'>quidem</span> <span class='ocrx_word' id='word_1_277' title='bbox 1118 3089 1195 3143; x_wconf 84' lang='lat' dir='ltr'>Suer.</span> <span class='ocrx_word' id='word_1_278' title='bbox 1213 3102 1238 3143; x_wconf 91' lang='lat' dir='ltr'>et</span> 
     </span>
     <span class='ocr_line' id='line_1_31' title="bbox 187 3176 1239 3256; baseline -0.013 -17"><span class='ocrx_word' id='word_1_279' title='bbox 187 3185 259 3239; x_wconf 89' lang='lat' dir='ltr'>Gud.</span> <span class='ocrx_word' id='word_1_280' title='bbox 276 3185 307 3239; x_wconf 86' lang='grc' dir='ltr'><strong>Β.</strong></span> <span class='ocrx_word' id='word_1_281' title='bbox 326 3205 390 3247; x_wconf 79' lang='lat' dir='ltr'>non</span> <span class='ocrx_word' id='word_1_282' title='bbox 406 3187 536 3239; x_wconf 77' lang='lat' dir='ltr'>honestus</span> <span class='ocrx_word' id='word_1_283' title='bbox 555 3185 661 3256; x_wconf 82' lang='lat' dir='ltr'>quidem</span> <span class='ocrx_word' id='word_1_284' title='bbox 678 3184 775 3236; x_wconf 75' lang='lat' dir='ltr'>nlius</span> <span class='ocrx_word' id='word_1_285' title='bbox 793 3183 910 3253; x_wconf 85' lang='lat' dir='ltr'>possit</span> <span class='ocrx_word' id='word_1_286' title='bbox 929 3198 1022 3239; x_wconf 83' lang='lat' dir='ltr'>esse,·</span> <span class='ocrx_word' id='word_1_287' title='bbox 1043 3177 1115 3232; x_wconf 75' lang='lat' dir='ltr'>Gud.</span> <span class='ocrx_word' id='word_1_288' title='bbox 1127 3176 1160 3230; x_wconf 85' lang='lat' dir='ltr'>A.</span> <span class='ocrx_word' id='word_1_289' title='bbox 1178 3178 1239 3247; x_wconf 87' lang='lat' dir='ltr'>qui-</span> 
     </span>
     <span class='ocr_line' id='line_1_32' title="bbox 188 3264 1238 3342; baseline -0.011 -16"><span class='ocrx_word' id='word_1_290' title='bbox 188 3276 245 3326; x_wconf 86' lang='lat' dir='ltr'>dem</span> <span class='ocrx_word' id='word_1_291' title='bbox 263 3294 296 3327; x_wconf 83' lang='lat' dir='ltr'>ne</span> <span class='ocrx_word' id='word_1_292' title='bbox 314 3277 460 3335; x_wconf 57' lang='lat' dir='ltr'>honestum</span> <span class='ocrx_word' id='word_1_293' title='bbox 482 3274 562 3328; x_wconf 84' lang='lat' dir='ltr'>Drsd.</span> <span class='ocrx_word' id='word_1_294' title='bbox 580 3277 607 3326; x_wconf 77' lang='grc'><strong>4.</strong></span> <span class='ocrx_word' id='word_1_295' title='bbox 626 3274 701 3325; x_wconf 81' lang='lat' dir='ltr'>ullus</span> <span class='ocrx_word' id='word_1_296' title='bbox 715 3276 802 3342; x_wconf 85' lang='lat' dir='ltr'>possit</span> <span class='ocrx_word' id='word_1_297' title='bbox 821 3290 890 3335; x_wconf 81' lang='lat' dir='ltr'>esse,</span> <span class='ocrx_word' id='word_1_298' title='bbox 913 3268 994 3322; x_wconf 87' lang='lat' dir='ltr'>Drsd.</span> <span class='ocrx_word' id='word_1_299' title='bbox 1015 3271 1041 3319; x_wconf 75' lang='lat'>2.</span> <span class='ocrx_word' id='word_1_300' title='bbox 1058 3265 1146 3335; x_wconf 79' lang='lat' dir='ltr'>possit</span> <span class='ocrx_word' id='word_1_301' title='bbox 1163 3264 1238 3316; x_wconf 83' lang='lat' dir='ltr'>ullus</span> 
     </span>
     <span class='ocr_line' id='line_1_33' title="bbox 187 3353 1238 3420; baseline -0.009 -9"><span class='ocrx_word' id='word_1_302' title='bbox 187 3380 252 3419; x_wconf 74' lang='lat' dir='ltr'>esse,</span> <span class='ocrx_word' id='word_1_303' title='bbox 297 3361 366 3415; x_wconf 87' lang='lat' dir='ltr'>tttud</span> <span class='ocrx_word' id='word_1_304' title='bbox 384 3363 439 3415; x_wconf 87' lang='lat' dir='ltr'>isto</span> <span class='ocrx_word' id='word_1_305' title='bbox 457 3362 549 3414; x_wconf 85' lang='lat' dir='ltr'>ordine</span> <span class='ocrx_word' id='word_1_306' title='bbox 572 3360 651 3414; x_wconf 86' lang='lat' dir='ltr'>habet</span> <span class='ocrx_word' id='word_1_307' title='bbox 679 3362 758 3414; x_wconf 85' lang='lat' dir='ltr'>etiam</span> <span class='ocrx_word' id='word_1_308' title='bbox 779 3360 828 3413; x_wconf 82' lang='lat' dir='ltr'>Ed.</span> <span class='ocrx_word' id='word_1_309' title='bbox 856 3357 940 3411; x_wconf 74' lang='lat' dir='ltr'>Susis.</span> <span class='ocrx_word' id='word_1_310' title='bbox 959 3353 1047 3415; x_wconf 86' lang='lat' dir='ltr'>Petri;</span> <span class='ocrx_word' id='word_1_311' title='bbox 1074 3370 1129 3404; x_wconf 84' lang='lat' dir='ltr'>esse</span> <span class='ocrx_word' id='word_1_312' title='bbox 1152 3353 1238 3420; x_wconf 86' lang='lat' dir='ltr'>possit</span> 
     </span>
     <span class='ocr_line' id='line_1_34' title="bbox 188 3439 1237 3520; baseline -0.01 -19"><span class='ocrx_word' id='word_1_313' title='bbox 188 3448 286 3502; x_wconf 84' lang='lat' dir='ltr'>habent</span> <span class='ocrx_word' id='word_1_314' title='bbox 304 3448 372 3502; x_wconf 81' lang='lat' dir='ltr'>Edd.</span> <span class='ocrx_word' id='word_1_315' title='bbox 392 3451 464 3503; x_wconf 84' lang='lat' dir='ltr'>Crat.</span> <span class='ocrx_word' id='word_1_316' title='bbox 482 3447 575 3520; x_wconf 77' lang='lat' dir='ltr'>Magn.</span> <span class='ocrx_word' id='word_1_317' title='bbox 594 3448 668 3502; x_wconf 86' lang='lat' dir='ltr'>Man.</span> <span class='ocrx_word' id='word_1_318' title='bbox 687 3447 756 3501; x_wconf 81' lang='lat' dir='ltr'>ttub.</span> <span class='ocrx_word' id='word_1_319' title='bbox 776 3447 839 3502; x_wconf 85' lang='lat' dir='ltr'>Car.</span> <span class='ocrx_word' id='word_1_320' title='bbox 856 3444 949 3516; x_wconf 84' lang='lat' dir='ltr'>Steph.</span> <span class='ocrx_word' id='word_1_321' title='bbox 967 3442 1068 3496; x_wconf 84' lang='lat' dir='ltr'>Sturrn.</span> <span class='ocrx_word' id='word_1_322' title='bbox 1089 3439 1237 3494; x_wconf 72' lang='lat' dir='ltr'>Aldtttt.</span> 
     </span>
     <span class='ocr_line' id='line_1_35' title="bbox 188 3525 1239 3607; baseline -0.012 -17"><span class='ocrx_word' id='word_1_323' title='bbox 188 3540 266 3591; x_wconf 75' lang='lat' dir='ltr'>tosa.</span> <span class='ocrx_word' id='word_1_324' title='bbox 284 3536 318 3591; x_wconf 85' lang='lat' dir='ltr'>li.</span> <span class='ocrx_word' id='word_1_325' title='bbox 335 3536 422 3590; x_wconf 80' lang='lat' dir='ltr'>wott.</span> <span class='ocrx_word' id='word_1_326' title='bbox 439 3536 516 3607; x_wconf 79' lang='lat' dir='ltr'>syth.</span> <span class='ocrx_word' id='word_1_327' title='bbox 536 3537 606 3589; x_wconf 74' lang='lat' dir='ltr'>nud.</span> <span class='ocrx_word' id='word_1_328' title='bbox 625 3537 684 3591; x_wconf 83' lang='lat' dir='ltr'>Tui.</span> <span class='ocrx_word' id='word_1_329' title='bbox 709 3536 782 3589; x_wconf 84' lang='lat' dir='ltr'>Maia</span> <span class='ocrx_word' id='word_1_330' title='bbox 801 3547 839 3589; x_wconf 88' lang='lat' dir='ltr'>cst</span> <span class='ocrx_word' id='word_1_331' title='bbox 858 3534 1001 3587; x_wconf 73' lang='lat' dir='ltr'>verborum</span> <span class='ocrx_word' id='word_1_332' title='bbox 1023 3526 1192 3597; x_wconf 77' lang='lat' dir='ltr'>transpositio</span> <span class='ocrx_word' id='word_1_333' title='bbox 1210 3525 1239 3578; x_wconf 89' lang='lat' dir='ltr'>io</span> 
     </span>
     <span class='ocr_line' id='line_1_36' title="bbox 190 3614 1240 3693; baseline -0.01 -17"><span class='ocrx_word' id='word_1_334' title='bbox 190 3622 257 3677; x_wconf 78' lang='lat' dir='ltr'>Edd.</span> <span class='ocrx_word' id='word_1_335' title='bbox 268 3622 346 3677; x_wconf 81' lang='lat' dir='ltr'>ttdtb.</span> <span class='ocrx_word' id='word_1_336' title='bbox 360 3634 386 3677; x_wconf 90' lang='lat' dir='ltr'>et</span> <span class='ocrx_word' id='word_1_337' title='bbox 397 3625 556 3677; x_wconf 68' lang='lat' dir='ltr'>Ventura:</span> <span class='ocrx_word' id='word_1_338' title='bbox 574 3624 660 3693; x_wconf 84' lang='lat' dir='ltr'>possit</span> <span class='ocrx_word' id='word_1_339' title='bbox 671 3641 727 3674; x_wconf 80' lang='lat' dir='ltr'>esse</span> <span class='ocrx_word' id='word_1_340' title='bbox 737 3625 768 3675; x_wconf 88' lang='lat' dir='ltr'>si</span> <span class='ocrx_word' id='word_1_341' title='bbox 775 3635 804 3674; x_wconf 85' lang='lat' dir='ltr'>&#39;u</span> <span class='ocrx_word' id='word_1_342' title='bbox 814 3624 886 3674; x_wconf 82' lang='lat' dir='ltr'>ltus</span> <span class='ocrx_word' id='word_1_343' title='bbox 896 3618 1015 3691; x_wconf 79' lang='lat' dir='ltr'>quotidie</span> <span class='ocrx_word' id='word_1_344' title='bbox 1027 3615 1160 3687; x_wconf 80' lang='lat' dir='ltr'>fraudor.</span> <span class='ocrx_word' id='word_1_345' title='bbox 1182 3614 1209 3667; x_wconf 81' lang='lat' dir='ltr'>id</span> <span class='ocrx_word' id='word_1_346' title='bbox 1219 3632 1240 3665; x_wconf 86' lang='lat' dir='ltr'>r.</span> 
     </span>
    </p>

    <p class='ocr_par' dir='ltr' id='par_1_7' title="bbox 259 3700 1239 3783">
     <span class='ocr_line' id='line_1_37' title="bbox 259 3700 1239 3783; baseline -0.008 -22"><span class='ocrx_word' id='word_1_347' title='bbox 259 3711 284 3761; x_wconf 86' lang='lat' dir='ltr'>si</span> <span class='ocrx_word' id='word_1_348' title='bbox 302 3711 422 3783; x_wconf 82' lang='lat' dir='ltr'>quotidie</span> <span class='ocrx_word' id='word_1_349' title='bbox 435 3711 573 3781; x_wconf 80' lang='lat' dir='ltr'>fraudas,</span> <span class='ocrx_word' id='word_1_350' title='bbox 591 3710 706 3779; x_wconf 66' lang='lat' dir='ltr'>strepis,</span> <span class='ocrx_word' id='word_1_351' title='bbox 724 3711 838 3779; x_wconf 84' lang='lat' dir='ltr'>poscis‚]</span> <span class='ocrx_word' id='word_1_352' title='bbox 875 3706 940 3773; x_wconf 81' lang='lat' dir='ltr'>„sic</span> <span class='ocrx_word' id='word_1_353' title='bbox 959 3722 1054 3757; x_wconf 89' lang='lat' dir='ltr'>omnes</span> <span class='ocrx_word' id='word_1_354' title='bbox 1071 3703 1137 3755; x_wconf 72' lang='lat' dir='ltr'>meis</span> <span class='ocrx_word' id='word_1_355' title='bbox 1162 3700 1239 3758; x_wconf 81' lang='lat' dir='ltr'>alias:</span> 
     </span>
    </p>
   </div>
   <div class='ocr_carea' id='block_1_5' title="bbox 104 3790 1240 3868">
    <p class='ocr_par' dir='ltr' id='par_1_8' title="bbox 104 3790 1240 3868">
     <span class='ocr_line' id='line_1_38' title="bbox 104 3790 1240 3868; baseline -0.003 -21"><span class='ocrx_word' id='word_1_356' title='bbox 104 3797 107 3803; x_wconf 86' lang='lat'>&#39;</span> <span class='ocrx_word' id='word_1_357' title='bbox 183 3797 322 3865; x_wconf 82' lang='lat' dir='ltr'>fraudor,</span> <span class='ocrx_word' id='word_1_358' title='bbox 340 3799 517 3863; x_wconf 85' lang='lat' dir='ltr'>concutis,</span> <span class='ocrx_word' id='word_1_359' title='bbox 536 3799 643 3868; x_wconf 84' lang='lat' dir='ltr'>decipis,</span> <span class='ocrx_word' id='word_1_360' title='bbox 660 3800 776 3867; x_wconf 84' lang='lat' dir='ltr'>poscis.“</span> <span class='ocrx_word' id='word_1_361' title='bbox 795 3797 871 3851; x_wconf 78' lang='lat' dir='ltr'>Atd.</span> <span class='ocrx_word' id='word_1_362' title='bbox 888 3793 974 3847; x_wconf 83' lang='lat' dir='ltr'>Man.</span> <span class='ocrx_word' id='word_1_363' title='bbox 1011 3790 1097 3844; x_wconf 81' lang='lat' dir='ltr'>codd.</span> <span class='ocrx_word' id='word_1_364' title='bbox 1111 3792 1240 3845; x_wconf 54' lang='lat' dir='ltr'>Ornia.</span> 
     </span>
    </p>
   </div>
   <div class='ocr_carea' id='block_1_6' title="bbox 187 3875 1240 4305">
    <p class='ocr_par' dir='ltr' id='par_1_9' title="bbox 187 3875 1240 4305">
     <span class='ocr_line' id='line_1_39' title="bbox 189 3875 1240 3956; baseline -0.008 -20"><span class='ocrx_word' id='word_1_365' title='bbox 189 3886 297 3956; x_wconf 88' lang='lat' dir='ltr'>antiqua</span> <span class='ocrx_word' id='word_1_366' title='bbox 317 3886 405 3938; x_wconf 78' lang='lat' dir='ltr'>forma</span> <span class='ocrx_word' id='word_1_367' title='bbox 423 3885 550 3940; x_wconf 84' lang='lat' dir='ltr'>scribitur</span> <span class='ocrx_word' id='word_1_368' title='bbox 567 3886 686 3943; x_wconf 82' lang='lat' dir='ltr'>cottidie.</span> <span class='ocrx_word' id='word_1_369' title='bbox 730 3887 809 3940; x_wconf 87' lang='lat' dir='ltr'>Prior</span> <span class='ocrx_word' id='word_1_370' title='bbox 835 3882 934 3937; x_wconf 89' lang='lat' dir='ltr'>omittit</span> <span class='ocrx_word' id='word_1_371' title='bbox 951 3898 1043 3933; x_wconf 85' lang='lat' dir='ltr'>vocem</span> <span class='ocrx_word' id='word_1_372' title='bbox 1060 3880 1156 3948; x_wconf 84' lang='lat' dir='ltr'>poscis.</span> <span class='ocrx_word' id='word_1_373' title='bbox 1209 3875 1240 3929; x_wconf 89' lang='lat' dir='ltr'>lo</span> 
     </span>
     <span class='ocr_line' id='line_1_40' title="bbox 189 3963 1239 4044; baseline -0.01 -20"><span class='ocrx_word' id='word_1_374' title='bbox 189 3970 256 4027; x_wconf 77' lang='lat' dir='ltr'>Edd.</span> <span class='ocrx_word' id='word_1_375' title='bbox 277 3975 343 4027; x_wconf 86' lang='lat' dir='ltr'>Ven.</span> <span class='ocrx_word' id='word_1_376' title='bbox 364 3977 443 4029; x_wconf 79' lang='lat'><strong>1492.</strong></span> <span class='ocrx_word' id='word_1_377' title='bbox 461 3976 540 4027; x_wconf 75' lang='lat'><strong>1514.</strong></span> <span class='ocrx_word' id='word_1_378' title='bbox 560 3984 586 4027; x_wconf 88' lang='lat' dir='ltr'>et</span> <span class='ocrx_word' id='word_1_379' title='bbox 603 3973 681 4026; x_wconf 81' lang='lat' dir='ltr'>Hdih.</span> <span class='ocrx_word' id='word_1_380' title='bbox 707 3985 767 4044; x_wconf 90' lang='lat' dir='ltr'>post</span> <span class='ocrx_word' id='word_1_381' title='bbox 780 3972 905 4044; x_wconf 80' lang='lat' dir='ltr'>fraudor</span> <span class='ocrx_word' id='word_1_382' title='bbox 924 3980 962 4022; x_wconf 89' lang='lat' dir='ltr'>est</span> <span class='ocrx_word' id='word_1_383' title='bbox 987 3965 1121 4021; x_wconf 86' lang='lat' dir='ltr'>distinctio</span> <span class='ocrx_word' id='word_1_384' title='bbox 1140 3963 1239 4017; x_wconf 84' lang='lat' dir='ltr'>maior:</span> 
     </span>
     <span class='ocr_line' id='line_1_41' title="bbox 187 4048 1239 4131; baseline -0.013 -19"><span class='ocrx_word' id='word_1_385' title='bbox 187 4071 245 4113; x_wconf 86' lang='lat' dir='ltr'>torn</span> <span class='ocrx_word' id='word_1_386' title='bbox 267 4072 382 4131; x_wconf 74' lang='lat' dir='ltr'>pergunt</span> <span class='ocrx_word' id='word_1_387' title='bbox 400 4063 503 4130; x_wconf 83' lang='lat' dir='ltr'>Quem</span> <span class='ocrx_word' id='word_1_388' title='bbox 520 4061 634 4131; x_wconf 83' lang='lat' dir='ltr'>decipis,</span> <span class='ocrx_word' id='word_1_389' title='bbox 660 4063 747 4131; x_wconf 87' lang='lat' dir='ltr'>poscis</span> <span class='ocrx_word' id='word_1_390' title='bbox 766 4072 816 4115; x_wconf 89' lang='lat' dir='ltr'>etc.</span> <span class='ocrx_word' id='word_1_391' title='bbox 863 4057 944 4126; x_wconf 91' lang='lat' dir='ltr'>Quod</span> <span class='ocrx_word' id='word_1_392' title='bbox 972 4066 1060 4110; x_wconf 87' lang='lat' dir='ltr'>autem</span> <span class='ocrx_word' id='word_1_393' title='bbox 1085 4049 1146 4104; x_wconf 81' lang='lat' dir='ltr'>Atd.</span> <span class='ocrx_word' id='word_1_394' title='bbox 1165 4048 1239 4100; x_wconf 87' lang='lat' dir='ltr'>Man.</span> 
     </span>
     <span class='ocr_line' id='line_1_42' title="bbox 190 4132 1240 4216; baseline -0.012 -17"><span class='ocrx_word' id='word_1_395' title='bbox 190 4157 249 4216; x_wconf 89' lang='lat' dir='ltr'>post</span> <span class='ocrx_word' id='word_1_396' title='bbox 266 4147 388 4216; x_wconf 82' lang='lat' dir='ltr'>fraudes</span> <span class='ocrx_word' id='word_1_397' title='bbox 407 4148 442 4202; x_wconf 91' lang='lat' dir='ltr'>ait</span> <span class='ocrx_word' id='word_1_398' title='bbox 460 4148 525 4201; x_wconf 82' lang='lat' dir='ltr'>olias</span> <span class='ocrx_word' id='word_1_399' title='bbox 542 4149 623 4202; x_wconf 85' lang='lat' dir='ltr'>inseri</span> <span class='ocrx_word' id='word_1_400' title='bbox 649 4150 786 4214; x_wconf 84' lang='lat' dir='ltr'>concutis,</span> <span class='ocrx_word' id='word_1_401' title='bbox 816 4148 844 4199; x_wconf 91' lang='lat' dir='ltr'>io</span> <span class='ocrx_word' id='word_1_402' title='bbox 870 4145 945 4199; x_wconf 82' lang='lat' dir='ltr'>nutto</span> <span class='ocrx_word' id='word_1_403' title='bbox 975 4143 1045 4196; x_wconf 87' lang='lat' dir='ltr'>iibro</span> <span class='ocrx_word' id='word_1_404' title='bbox 1070 4136 1167 4206; x_wconf 85' lang='lat' dir='ltr'>reperi.</span> <span class='ocrx_word' id='word_1_405' title='bbox 1211 4132 1240 4185; x_wconf 87' lang='lat' dir='ltr'>Si</span> 
     </span>
     <span class='ocr_line' id='line_1_43' title="bbox 188 4217 1240 4305; baseline -0.015 -21"><span class='ocrx_word' id='word_1_406' title='bbox 188 4252 302 4305; x_wconf 87' lang='lat' dir='ltr'>usquam</span> <span class='ocrx_word' id='word_1_407' title='bbox 322 4233 419 4304; x_wconf 71' lang='lat' dir='ltr'>iegitur</span> <span class='ocrx_word' id='word_1_408' title='bbox 435 4236 569 4300; x_wconf 85' lang='lat' dir='ltr'>concutis,</span> <span class='ocrx_word' id='word_1_409' title='bbox 593 4236 800 4290; x_wconf 79' lang='lat' dir='ltr'>ciceronianum</span> <span class='ocrx_word' id='word_1_410' title='bbox 821 4252 875 4288; x_wconf 89' lang='lat' dir='ltr'>non</span> <span class='ocrx_word' id='word_1_411' title='bbox 895 4245 947 4296; x_wconf 87' lang='lat' dir='ltr'>est,</span> <span class='ocrx_word' id='word_1_412' title='bbox 975 4230 1018 4283; x_wconf 81' lang='lat' dir='ltr'>sed</span> <span class='ocrx_word' id='word_1_413' title='bbox 1038 4224 1150 4278; x_wconf 81' lang='lat' dir='ltr'>debetur</span> <span class='ocrx_word' id='word_1_414' title='bbox 1167 4217 1240 4289; x_wconf 73' lang='lat' dir='ltr'>gios-</span> 
     </span>
    </p>
   </div>
   <div class='ocr_carea' id='block_1_7' title="bbox 935 4317 1094 4389">
    <p class='ocr_par' dir='ltr' id='par_1_10' title="bbox 935 4317 1094 4389">
     <span class='ocr_line' id='line_1_44' title="bbox 935 4317 1094 4389; baseline -0.013 0"><span class='ocrx_word' id='word_1_415' title='bbox 935 4317 1007 4389; x_wconf 80' lang='lat'>18*</span> <span class='ocrx_word' id='word_1_416' title='bbox 1089 4341 1094 4344; x_wconf 88' lang='lat'>·</span> 
     </span>
    </p>
   </div>
   <div class='ocr_carea' id='block_1_8' title="bbox 0 0 1548 4925">
    <p class='ocr_par' dir='ltr' id='par_1_11' title="bbox 0 0 1548 4925">
     <span class='ocr_line' id='line_1_45' title="bbox 0 0 1548 4925; baseline 0 0"><span class='ocrx_word' id='word_1_417' title='bbox 0 0 1548 4925; x_wconf 95' lang='lat' dir='ltr'> </span> 
     </span>
    </p>
   </div>
  </div>
 </body>
</html>
