3059 4925
284 441 359 514 248
604 424 777 517 rtusroxi
805 461 1001 515 sromorurc

298 664 301 673 .
352 628 393 679 Μ’
413 624 524 691 Curius]
550 622 738 695 „Cognomina
756 628 913 692 Dentatus,
939 628 985 698 qui
1003 626 1142 696 -Pyrrbum
1167 628 1228 685 vicit
1252 649 1276 685 a.
1295 630 1330 686 U.

281 717 344 769 419.
361 712 442 767 bomo
456 729 547 776 novus,
567 712 646 767 unice
665 711 765 767 virtutis
778 714 1012 767 commendatione
1026 714 1058 767 ad
1072 713 1251 773 Consulatum
1267 736 1331 787 per·

282 801 378 855 renib‘⁴
414 799 519 869 Wyrt

352 898 405 940 aut
430 904 519 943 eorum
546 885 672 958 oliqrrt's‚]
706 883 773 939 (lod.
797 886 892 940 Duisb.
916 906 958 941 an
981 907 1071 941 eornm
1094 889 1212 959 aliquis.-
1245 908 1328 960 quem

281 975 451 1047 scriptionem
472 993 526 1029 non
544 973 628 1043 magia
655 975 914 1040 commendaverim,
942 994 1023 1047 quam
1046 976 1095 1029 tuli
1120 976 1192 1046 apud
1221 976 1277 1031 cic.
1296 977 1329 1031 do

281 1064 348 1134 ssep.
367 1062 387 1128 l,
406 1065 450 1117 15.
467 1079 520 1115 ona
538 1060 699 1119 an'altnnr
714 1079 764 1130 pro
784 1080 838 1113 ana
857 1071 921 1115 ant
941 1063 1028 1115 altero
1046 1064 1146 1131 erratio,
1164 1082 1328 1134 quamquam

280 1153 326 1209 illo
343 1168 417 1204 acres
437 1158 512 1203 nacte
531 1159 570 1203 eet
586 1147 746 1203 defensores.
790 1147 837 1202 llis
862 1168 913 1219 ego
928 1149 991 1205 satis
1018 1148 1081 1203 mibi
1106 1150 1272 1219 respondisse
1290 1151 1329 1202 ri·

252 1276 262 1294 .
281 1238 347 1293 deor
364 1237 392 1288 in
410 1234 601 1305 symbolorum
621 1232 698 1291 Critt.
717 1235 750 1289 ad
769 1235 825 1292 Cic.
845 1235 962 1307 Specim.
980 1236 1012 1288 ll.
1037 1255 1061 1290 c
1079 1236 1136 1288 Xll.
1155 1257 1180 1306 p.
1200 1239 1329 1290 15—1t.

280 1322 394 1393 Spooim.
405 1322 450 1377 ΠΙ.-
468 1342 491 1377 c.
503 1320 574 1375 tht.
593 1340 696 1392 neque,
722 1341 791 1392 quae
809 1323 873 1377 inde
891 1326 924 1378 ab
944 1325 1050 1379 illarum
1069 1325 1247 1396 scriptionum
1259 1336 1328 1379 tem·

281 1431 347 1482 pore
366 1409 474 1481 collegi,
500 1408 552 1462 boc
570 1410 677 1481 quidem
703 1411 763 1463 loco
788 1431 943 1481 expromere
968 1412 1145 1465 necessarium
1165 1412 1275 1465 ridetur.
1291 1440 1326 1451 -

279 1498 416 1557 scribitur
431 1508 492 1549 aut
511 1498 586 1549 danto
603 1497 631 1551 in
651 1497 717 1551 cod.
736 1497 794 1551 Cra.
811 1502 852 1561 2.;
880 1500 977 1552 autin
998 1500 1073 1552 domo
1091 1500 1118 1551 in
1143 1497 1229 1552 Codd.
1247 1498 1326 1551 Drsd.

281 1590 344 1641 l-d.
355 1591 380 1640 5.
399 1587 517 1656 itemque
537 1584 609 1641 Gud·
619 1584 652 1639 Α.
671 1585 718 1655 qui
739 1596 832 1639 contra
852 1586 882 1636 in
898 1597 960 1639 arete
977 1587 1046 1639 vitta
1059 1587 1165 1639 omittit.
1201 1582 1233 1636 ln
1251 1605 1326 1656 seqq.

279 1658 359 1727 Dua.
375 1677 399 1726 5
423 1673 574 1743 possimos
599 1670 678 1742 plene
698 1671 849 1741 distinguit,
875 1675 1015 1746 pergitque
1043 1676 1174 1729 Viderat
1201 1675 1326 1745 aliquem.

280 1757 347 1813 Cod.
365 1758 443 1815 Suer-
460 1758 540 1813 ltabet
557 1769 590 1810 ut
609 1778 659 1829 pro
676 1770 712 1814 et.
751 1759 792 1813 Ad
807 1779 883 1830 seqq.
901 1764 1010 1817 summis
1026 1763 1120 1831 populi
1136 1761 1327 1831 beneficiis

280 1865 369 1908 urum,
388 1864 458 1917 quse
475 1845 590 1899 formula
610 1845 643 1898 de
661 1844 810 1905 bonoribus
828 1859 855 1902 et
872 1848 1068 1918 magistratibus
1091 1849 1263 1917 intelligenda
1281 1861 1327 1914 est,

279 1929 359 2002 Borg.
391 1931 481 1995 laudnt
509 1932 586 1995 Verr.
604 1929 625 1997 l,
644 1936 669 1986 5.
700 1934 734 1998 V,
752 1936 795 1986 68.
823 1934 855 1986 de
883 1935 961 1989 Prov.
996 1934 1077 1990 Cous.
1097 1940 1139 1989 15.
1174 1937 1240 1989 Phil.
1259 1939 1279 2000 Ι,
1298 1940 1325 1991 li.

278 2016 349 2084 xw,
367 2021 393 2074 9.
412 2019 482 2075 Add.
499 2017 558 2073 cic.
577 2035 626 2088 pro
643 2019 715 2088 Lege
733 2019 807 2077 Man.
826 2041 847 2073 s
874 2021 907 2075 de
926 2023 1043 2093 lmperio
1067 2025 1117 2077 Ca.
1142 2022 1264 2094 Pompeii
1280 2025 1326 2087 2³,

279 2107 321 2159 68.
340 2115 367 2157 et
385 2108 428 2169 24,
448 2108 491 2157 il.
527 2104 585 2157 llllr.

350 2190 510 2245 barbatulos
541 2192 638 2245 mallos
662 2205 846 2263 exceptantem
875 2199 907 2250 de
930 2199 1060 2266 pierium]
1086 2197 1270 2263 „Barbcttalar
1295 2198 1323 2251 in

278 2277 353 2330 labro
370 2276 500 2335 interiori.
542 2279 611 2333 Plio.
637 2279 682 2334 lib.
702 2280 833 2353 lXscap.
853 2288 895 2337 ll.
923 2296 950 2338 et
967 2285 1068 2339 Festus.
1110 2286 1214 2341 Multos
1238 2285 1324 2340 codd.

277 2367 329 2418 mei
347 2383 456 2434 omnes,
476 2385 531 2422 non
550 2367 685 2421 mallulos.
722 2372 925 2439 Exceptantem,
944 2372 1108 2443 quindecim.
1126 2377 1325 2433 Escaetantem,

276 2472 353 2506 unus.
391 2458 600 2525 Expectantem,
616 2476 694 2510 unus.
732 2461 937 2528 Receptantem,
955 2481 1033 2514 unus.
1069 2460 1121 2516 atii
1141 2462 1325 2529 captantem.“

275 2539 347 2596 Atd.
367 2541 454 2598 Man.
491 2543 631 2611 „Quidam
648 2543 792 2600 Lucullum
811 2558 838 2599 et
854 2547 1015 2601 Hortenium
1027 2559 1067 2601 est
1086 2548 1152 2601 alios
1168 2558 1264 2618 putant
1281 2546 1324 2598 in-

274 2627 446 2696 telligendos,
471 2647 539 2698 quos
553 2630 714 2697 piscinarios
735 2629 832 2683 Cicero
842 2634 871 2688 .l.
890 2633 922 2684 ad
940 2633 1059 2687 Atticum
1079 2634 1143 2703 [up.
1162 2636 1205 2687 1⁹.
1224 2643 1250 2685 et
1268 2633 1324 2698 ru]

275 2725 359 2766 vocat.
379 2714 440 2764 Vid.
456 2713 526 2766 Ptin,
540 2713 588 2779 IX,
601 2718 644 2768 54.
662 2724 687 2766 et
703 2735 759 2785 seq.
784 2716 940 2772 Macrobius
950 2717 995 2774 111.
1015 2717 1150 2772 saturnal.
1161 2721 1205 2771 15.
1222 2717 1278 2771 Cic.
1289 2718 1322 2770 ll.

274 2799 308 2856 ad
327 2799 381 2854 An
399 2804 444 2854 1.“
463 2801 557 2870 Xyst.
574 2800 769 2856 Betuleiue.
807 2803 880 2869 [vid.
898 2803 968 2856 Plin.
986 2802 1032 2857 lx.
1051 2802 1123 2858 Sect.
1142 2805 1197 2871 tu]
1226 2803 1324 2870 „tuat-

274 2890 330 2940 lnm
348 2887 445 2942 Graeci
464 2891 585 2959 τρίγλην,
609 2886 666 2943 Itali
686 2890 796 2959 triglia,
821 2890 893 2946 Galli
912 2892 1043 2948 carnanter
1073 2891 1217 2964 appellant.
1262 2891 1325 2945 Vid.

275 2976 375 3032 Carnus
392 2978 419 3040 in
437 2978 623 3032 animadversa.
641 2977 674 3032 ed
694 2977 804 3034 Ariston
820 2979 853 3032 de
871 2978 936 3033 Hiet.
953 2978 1071 3036 Animal.
1096 2978 1130 3031 Τ.
1148 2978 1180 3032 lt.
1199 2998 1225 3049 p.
1241 2981 1324 3034 'lsslf‘

273 3068 379 3137 Wytt.
396 3095 431 3106 -
468 3065 568 3120 Mullus
592 3066 712 3123 uterinus
729 3077 804 3124 tanto
821 3067 850 3121 in
870 3068 956 3139 pretio
982 3067 1032 3122 luit
1056 3067 1128 3137 apud
1155 3077 1268 3132 veteres,
1294 3077 1323 3121 ut
1396 3129 1397 3132 Ἴ

274 3154 380 3208 Asinius
398 3153 492 3220 Celer,
511 3154 550 3206 vir
568 3152 733 3220 Goumara,
754 3155 868 3210 mullum
889 3174 973 3212 uuum
993 3165 1093 3225 septem
1112 3154 1231 3208 millibus
1242 3172 1323 3204 num-

274 3260 348 3294 mum
366 3252 499 3295 mercatur
516 3240 562 3298 sits
580 3252 610 3294 ut
625 3261 658 3294 er
677 3242 845 3299 Sammonici
863 3244 993 3300 sententia
1011 3242 1166 3298 Macrobius
1182 3242 1252 3316 libro
1270 3239 1321 3292 Sa·

273 3341 344 3384 turo.
361 3329 406 3383 Ill.
423 3329 514 3383 scribit
533 3341 594 3383 octe
614 3330 730 3384 millibus
755 3350 898 3388 nummum
921 3332 1000 3384 fuisse
1024 3341 1153 3401 emptum.
1204 3328 1239 3382 Et
1262 3326 1322 3379 Asi-

273 3417 348 3470 nium
367 3416 489 3471 Celerem
510 3416 612 3469 Caudio
632 3417 717 3470 luisse
728 3419 853 3488 principe
870 3419 973 3472 Plinius
991 3418 1035 3470 ait.
1079 3416 1213 3468 Mallalos
1231 3424 1319 3498 autem

272 3524 321 3575 per
338 3503 548 3558 deminutionem
568 3503 643 3567 dixit,
670 3504 709 3556 rol
729 3516 758 3558 ut
775 3517 880 3560 notaret
904 3507 1033 3560 maiorem
1059 3504 1175 3557 virorum
1195 3502 1320 3558 consula-

272 3592 340 3642 rium
360 3589 576 3655 stultitiam„vel
597 3591 659 3661 quia
689 3592 715 3644 bi
735 3594 820 3663 pisces
839 3596 911 3665 parri
930 3605 999 3649 sunt.
1043 3592 1112 3646 Nam
1128 3592 1231 3646 Plinius
1248 3591 1322 3644 bunc

273 3680 372 3749 piscem
386 3699 441 3731 esse
459 3677 525 3731 dicit
542 3680 727 3749 magnitudine
745 3681 866 3748 modica,
892 3684 969 3736 binas
995 3680 1077 3734 libras
1100 3680 1228 3750 ponderis
1257 3697 1320 3731 raro

271 3769 453 3834 exsuperare.‘¹
485 3766 508 3817 F
515 3785 558 3820 rc.
577 3766 666 3835 Sylr.
684 3796 717 3822 .-
771 3772 999 3838 „ls'xeeptanternr
1032 3768 1115 3834 Sunt,
1145 3769 1191 3821 ubi
1217 3768 1320 3837 legatur

270 3862 433 3921 captantem·
478 3852 532 3906 Sed
551 3873 597 3920 ea,
621 3873 702 3925 quam
723 3856 805 3910 secuti
827 3876 934 3921 suctus,
962 3857 1040 3911 lectio
1065 3876 1126 3910 cum
1156 3856 1216 3926 plus
1240 3854 1320 3912 habet

218 4007 220 4020 Ι
269 3938 430 4009 elegantiae,
450 3949 505 3991 tum
525 3960 587 3994 vero
605 3962 623 3995 a
639 3943 724 3996 doctis
742 3944 818 3998 citari
835 3946 930 4000 solet.“
950 3946 1108 4001 Morisot.
1144 3948 1319 4012 „arcanan-

269 4038 322 4079 tem
339 4028 356 4078 i.
376 4045 399 4079 e.
418 4045 496 4096 saepe
516 4030 674 4102 capientem.
692 4031 715 4083 F
724 4052 768 4085 rc.
786 4033 885 4103 Sylva

340 4114 496 4166 barbatulos
514 4115 611 4167 mullos
630 4118 661 4167 de
676 4122 782 4189 piscina
801 4125 1004 4191 exceptantem]
1024 4123 1179 4177 Admodum
1191 4121 1322 4176 fluctuant

270 4200 296 4254 h.
315 4202 331 4255 l.
351 4203 411 4256 libri
433 4206 460 4255 in
482 4222 545 4256 voce
563 4204 695 4270 secundm
714 4225 777 4259 nom
797 4210 868 4279 quo'd
888 4212 971 4265 estin
990 4211 1072 4266 Dred.
1088 4217 1114 4268 5.
1133 4210 1321 4275 barbaram
