3059 4925
508 486 702 534 rintooxott
725 486 773 535 tn.
808 490 877 536 etr.
897 490 932 534 n.
1172 469 1241 541 161

264 642 294 697 ln
314 643 392 699 buius
408 645 554 718 syllogismi
574 647 778 713 assumtionem,
797 665 866 717 quae
884 646 962 718 vulgo
982 647 1078 702 dieitur
1096 651 1194 716 minor,
1213 651 1247 702 it-

196 731 241 784 lud
260 732 354 785 tatsum
372 745 398 787 et
415 735 570 805 negandum
590 746 636 802 est,
655 736 808 807 perturbata
828 733 908 788 semei
929 735 1033 787 ratione
1052 748 1077 789 et
1090 737 1185 789 ordine
1204 739 1246 789 ni-

196 818 232 871 hit
254 840 330 892 posse
357 821 390 874 ad
414 828 555 893 peecatum
583 823 659 889 addi,
690 835 719 877 ut
744 833 883 894 peceatum
913 841 962 893 per
992 821 1062 875 bane
1084 824 1247 877 additionem

196 906 282 959 mains
299 918 439 978 peccatum
458 929 514 963 esse
539 911 666 965 videatur.
709 910 795 981 Igitur
819 910 987 981 syllogismus
1011 910 1092 965 falsus
1118 924 1170 978 est,
1196 932 1247 966 nec

197 994 298 1065 aliquid
317 1012 347 1046 ex
366 1015 398 1048 eo
417 997 543 1051 concludi
562 1001 677 1069 potest.“
712 997 965 1069 Wyttenbech.

268 1122 296 1173 in
320 1122 380 1172 vito
406 1153 442 1164 -
464 1124 593 1201 quiequid
612 1125 753 1195 peccatur]
789 1124 841 1178 Tb.
866 1125 952 1180 Benti.
975 1122 1060 1180 totum
1091 1126 1182 1180 iocum
1211 1129 1246 1180 its

198 1207 302 1261 scribit:
320 1210 349 1260 in
368 1210 440 1273 vito,
459 1229 581 1281 quoee-
601 1211 692 1277 debet,
711 1224 742 1265 tu
764 1214 794 1266 in
811 1214 919 1283 syllaba
934 1226 961 1265 te
976 1232 1101 1283 peccasse
1113 1216 1247 1268 dices?-

193 1307 309 1365 peecoto
324 1296 521 1351 dimetientem?
546 1310 594 1366 ut,
613 1300 714 1353 sivisti
731 1300 789 1353 'sint
814 1300 950 1365 breuiore,
974 1302 1075 1354 leviora
1094 1303 1247 1368 uideantur,

198 1383 245 1454 qui
258 1384 393 1453 possunt?
411 1404 484 1450 curn,
502 1388 631 1460 quiequid
644 1400 772 1459 peccetur
790 1409 848 1462 sqq.
884 1389 946 1445 Mr.

266 1512 395 1584 quicquid
408 1525 579 1582 peccetur
597 1516 659 1583 eto]
689 1517 774 1570 Codd.
792 1517 873 1572 Drsd.
892 1521 916 1570 1.
935 1520 960 1571 3.
980 1521 1005 1571 4.
1023 1522 1048 1573 5.
1068 1517 1162 1573 Duisb.
1181 1517 1246 1570 Oxx.

197 1598 228 1652 E.
247 1617 276 1661 ψ.
295 1601 340 1654 Cr.
361 1605 387 1654 2.
399 1612 533 1670 peccetur.
570 1603 662 1675 Pergit
678 1602 747 1657 Cod.
769 1604 827 1659 Cre.
847 1608 873 1657 t.
894 1604 1098 1674 perturbatione
1118 1607 1248 1658 rationis·

195 1706 247 1759 que
263 1688 367 1740 ordinis
394 1699 527 1758 peccetur.
563 1689 643 1743 Drsd.
662 1695 687 1744 5.
711 1700 781 1758 pert.
807 1691 922 1742 rationis
946 1702 1081 1759 peccetur.
1125 1692 1204 1744 Drsd.
1220 1696 1247 1744 4.

196 1773 260 1827 On.
279 1773 311 1828 E.
329 1796 355 1844 η.
374 1776 489 1829 rationis
507 1786 540 1828 et
560 1778 667 1830 ordinis.
704 1777 774 1830 Gud.
793 1778 825 1830 Α.
844 1777 904 1849 qui
923 1777 1128 1846 perturbatione
1147 1779 1248 1830 ordinis

196 1871 279 1932 etque
304 1862 419 1915 rationis
436 1875 581 1934 pernotum·
611 1864 683 1920 Gud.
702 1863 733 1916 Β.
758 1864 873 1917 rationis
895 1874 1022 1934 peccetur
1043 1865 1249 1934 perturbatione

196 1957 279 2018 utque
298 1949 407 2005 ordinis.
444 1950 525 2019 Quod
546 1970 626 2023 supra
645 1951 778 2005 extribus
797 1951 883 2006 Codd.
897 1951 1001 2005 enotavi
1020 1954 1135 2005 rationis
1153 1963 1186 2003 et
1203 1973 1247 2004 or·

196 2034 280 2098 dinis,
299 2037 399 2108 recepit
417 2036 467 2091 Or.
485 2037 549 2091 nibil
570 2058 692 2093 monens.
728 2039 861 2111 Equidem
883 2060 897 2093 e
917 2039 1097 2110 plurimorum
1116 2040 1247 2094 Codicum

197 2134 222 2177 et
246 2125 370 2177 omnium
387 2124 454 2180 Edd.
479 2126 594 2181 lectione
618 2140 701 2200 atque
731 2146 780 2180 eur
798 2128 951 2182 recederem
977 2146 1085 2182 causam
1116 2147 1171 2182 non
1195 2128 1246 2180 ridi

197 2211 331 2268 idoneam.
368 2212 428 2266 Me.

263 2341 426 2409 perturbata
444 2352 535 2393 autem
553 2343 633 2394 semel
649 2343 753 2394 ratione
772 2353 798 2394 et
817 2343 926 2410 ordine,]
961 2342 1081 2409 „Ordine
1106 2343 1124 2396 i.
1144 2363 1167 2395 e.
1187 2363 1247 2396 mo·

197 2426 291 2494 destia,
310 2426 429 2488 tinnitus
447 2428 543 2484 Graeci
563 2442 674 2497 vocant,
694 2449 775 2503 qnam
795 2429 878 2485 Stoici
897 2429 1037 2495 definiunt,
1056 2441 1088 2482 ut
1106 2431 1143 2482 sit
1163 2431 1246 2483 scien-

197 2517 237 2567 tiu
257 2536 344 2569 rerum
362 2537 468 2583 eorum,
487 2538 556 2590 quoe
574 2529 697 2591 aguntur
716 2530 767 2571 out
786 2519 914 2570 dicuntur
933 2518 989 2569 ioco
1008 2537 1057 2569 suo
1076 2516 1247 2568 collocandu-

197 2625 270 2668 rum,
296 2617 324 2659 ut
343 2615 381 2659 est
409 2606 437 2659 in
467 2607 535 2660 libro
559 2608 697 2661 Ciceronis
723 2607 756 2660 de
785 2605 892 2660 Officiis
912 2605 1027 2675 primo.“
1054 2605 1126 2658 Fre.
1156 2603 1246 2674 Syiv.

196 2691 285 2745 Locus
302 2704 341 2746 est
357 2693 391 2746 de
409 2692 467 2748 011.
486 2693 569 2760 1,·40,
587 2699 649 2749 142.
684 2695 761 2749 Adde
779 2695 830 2748 Or.
849 2713 900 2766 pro
918 2693 998 2747 Rose.
1016 2692 1107 2746 Amet.
1119 2695 1164 2759 48,
1184 2695 1245 2746 138.

197 2779 222 2829 si
239 2789 309 2829 reete
326 2790 353 2830 et
372 2781 463 2832 ordine
480 2781 624 2846 iudicaris,
643 2783 797 2835 laudabunt
816 2801 920 2836 omnes:
940 2782 985 2833 nbi
1005 2780 1144 2834 Sebiitnius
1163 2781 1246 2833 edidit

197 2866 301 2916 ratione
317 2877 345 2917 et
363 2868 461 2921 ordine.
497 2867 602 2922 Habent
618 2871 755 2923 ratione
774 2871 876 2921 semel
891 2878 918 2918 et
936 2868 1026 2919 ordine
1045 2866 1131 2921 Codd.
1149 2867 1209 2921 Cre.
1221 2873 1247 2921 2.

197 2951 277 3006 Drsd.
294 2957 320 3007 4.
348 2953 415 3007 Edd.
435 2955 527 3026 Magn.
544 2955 619 3010 Men.
638 2956 731 3010 bamb.
755 2955 852 3009 colon.
883 2954 915 3008 Η.
932 2953 1019 3007 Wott.
1047 2954 1122 3025 syth.
1146 2954 1247 3008 Sturm.

198 3041 259 3093 Car.
278 3039 369 3112 steph.
389 3042 449 3096 Aid.
468 3046 546 3097 ttt‘t.
566 3048 644 3099 1552.
693 3044 722 3097 in
749 3042 817 3096 Cod.
844 3041 916 3096 Gud.
934 3042 965 3094 Α.
993 3052 1031 3094 est
1056 3042 1161 3093 ratione
1180 3054 1245 3093 aut

197 3128 301 3193 ordine,
332 3129 360 3182 in
379 3128 451 3185 Gud.
469 3130 500 3184 B.
525 3142 578 3185 rot.
595 3131 651 3184 vei
666 3133 739 3195 ord.‚
764 3133 792 3184 in
817 3130 910 3184 Duisb.
940 3137 1118 3199 rotatque
1143 3126 1242 3184 ordine.

197 3214 302 3268 Habent
321 3216 398 3269 etiem
418 3218 461 3270 vel
478 3218 544 3272 On.
554 3218 586 3275 E.
597 3218 633 3273 U.
643 3237 666 3273 o.
677 3237 707 3282 ψ.
743 3220 798 3272 Pro
817 3219 886 3270 sitit
904 3227 943 3270 est
960 3217 1000 3268 nit
1016 3216 1044 3268 in
1064 3214 1132 3268 Cod.
1153 3217 1246 3268 Cret.

198 3300 229 3354 ln
255 3302 313 3356 Crz.
334 3309 358 3359 2.
387 3317 413 3358 et
431 3305 511 3359 Drsd.
529 3311 555 3361 5.
584 3317 622 3360 est
647 3307 712 3357 oddi
728 3307 830 3376 possit,
856 3305 885 3357 in
903 3302 984 3355 Drsd.
1002 3306 1032 3356 4:
1059 3302 1123 3352 addi
1140 3312 1246 3370 potest,-

198 3387 269 3443 Gud.
287 3389 319 3444 B.
337 3394 478 3461 possint
497 3394 570 3447 addi.
607 3393 638 3447 ln
657 3392 743 3448 Codd.
760 3392 842 3446 Drsd.
860 3395 884 3444 1.
904 3394 930 3447 5.
960 3389 1087 3443 omissum
1107 3401 1145 3442 est
1161 3390 1247 3443 semel.

197 3476 277 3531 Drsd.
296 3483 322 3533 5.
341 3479 420 3532 hebet
436 3482 541 3535 ratione
559 3485 640 3536 semel
657 3484 686 3535 in
704 3484 804 3536 ordine.
841 3480 900 3533 Mr.

267 3629 320 3679 quo
340 3610 426 3681 magis
441 3627 552 3679 peecare
566 3629 645 3681 posse
661 3610 809 3676 ridentum]
853 3607 926 3678 Lego
951 3606 1038 3657 minus
1065 3606 1129 3677 (pro
1148 3607 1248 3677 magis)

196 3696 225 3748 in
244 3695 343 3750 Codice
362 3699 502 3769 antiquo.“
520 3697 595 3752 Fre.
612 3697 703 3771 Sylr.
721 3726 756 3737 -
792 3696 839 3749 Est
856 3711 1002 3765 peceare
1019 3694 1142 3763 possein
1160 3690 1247 3745 Codd.

197 3780 256 3835 Cre.
270 3786 296 3835 1.
315 3788 341 3839 2.
362 3784 442 3839 Drsd.
454 3788 481 3840 1.
498 3785 549 3840 Os.
564 3805 588 3839 o.
609 3786 690 3840 Drsd.
701 3789 733 3851 ὃς
756 3801 867 3854 peceare
886 3781 1011 3835 videatur
1029 3781 1141 3851 (omisso
1158 3781 1248 3851 posse)

198 3868 312 3925 Drsd.5.
330 3870 402 3925 Gud.
422 3870 469 3938 A.;
485 3892 562 3942 posse
577 3892 688 3943 peecare
706 3872 786 3925 Drsd.
803 3876 829 3926 4.
848 3869 920 3923 Gud.
933 3868 978 3935 B.;
995 3888 1106 3939 peccare
1124 3868 1250 3920 videatur

197 3975 273 4025 posse
299 3957 381 4014 Drsd.
400 3964 424 4012 2.
448 3959 547 4012 indicet
576 3981 627 4031 pro
649 3962 789 4025 videntum
816 3957 896 4011 Drsd.
910 3961 936 4010 4.
964 3957 1100 4008 videretur
1128 3973 1178 4024 pro
1203 3954 1246 4037 ri·¹

198 4045 306 4100 deutur.
342 4045 372 4097 M
379 4066 401 4103 r.
