3059 4925
509 485 703 534 ramouxou
732 488 761 535 v.
794 488 863 538 csr.
879 493 915 538 u.
1161 466 1233 542 251

189 644 263 713 quasi
282 642 376 715 pusilla
396 644 509 715 pecunia
528 644 582 698 aire
600 644 793 715 patrimonium
812 646 948 720 pusillum.
994 650 1096 704 Auctor
1120 663 1158 705 est
1183 651 1252 704 tlt-⁴

189 729 285 801 pianus
301 731 371 786 libro
389 732 562 804 Digestorum
581 734 639 788 XV.
682 734 723 787 De
749 736 932 807 peculiosus.
967 738 1125 809 Pompeius:
1149 744 1237 792 Pecu·

189 816 255 869 Ιέαια
272 837 409 872 meorum
432 839 450 871 a
473 839 567 890 pecore
586 822 703 890 dictum,
730 834 763 875 ut
785 825 900 893 pecunia
916 826 1169 897 patrumfamilias
1187 839 1239 880 aut

188 904 448 978 nobilium[p.c1.tv.
472 909 513 962 ed.
538 908 695 977 Santandr.]
738 911 779 965 De
799 911 904 983 peculio
924 912 1000 965 Valla
1025 912 1070 966 lib.
1088 913 1133 966 Vl.
1161 915 1238 987 plura

189 995 293 1061 scribit,
318 996 364 1048 ubi
391 996 480 1050 locum
504 996 577 1051 hunc
604 998 695 1052 citat.“
720 1027 754 1037 -
792 1001 949 1067 „Peculium
974 1000 1119 1069 Morisotus
1145 1006 1237 1058 δουλο-

189 1085 302 1154 περδίαα,
322 1082 384 1139 ficto
403 1084 541 1151 vocabulo,
561 1085 685 1140 reddidit.
721 1087 886 1160 Theophilus
903 1089 931 1142 in
949 1088 1032 1144 tussit.
1052 1090 1098 1144 lib.
1112 1089 1144 1145 ΙΙ.
1163 1092 1202 1148 tit.
1212 1096 1238 1148 9.

190 1181 328 1224 castrense
349 1173 486 1242 peculiam
510 1178 665 1243 susspirans
689 1172 857 1228 πεκούλια
889 1176 1024 1243 nominat,
1061 1188 1087 1231 et
1111 1178 1183 1232 Plut.
1209 1180 1236 1232 in

189 1258 344 1314 Publicolae
368 1260 435 1325 vita,
464 1260 535 1332 leges
559 1261 616 1314 eius
642 1260 745 1333 aliquot
770 1263 905 1329 referens,
938 1263 1049 1318 mulctas
1072 1265 1239 1335 pecuniarias

190 1347 269 1400 luisse
286 1348 323 1401 ait
341 1348 471 1419 pecudes,
488 1359 550 1402 ante
565 1348 686 1404 videlicet
704 1368 880 1404 nummorum
898 1369 992 1417 usum,
1020 1351 1137 1422 indeque
1156 1353 1239 1422 patri-

191 1436 280 1489 monia
296 1436 405 1504 peculia
426 1455 481 1489 esse
505 1435 590 1493 dictas
616 1433 661 1490 su*
685 1443 729 1489 sat
752 1432 805 1497 asic
829 1435 933 1505 οὐσίας,
958 1436 1021 1509 ἄχρι
1044 1441 1089 1490 αἶα
1111 1435 1163 1491 sind
1186 1444 1239 1492 asir

189 1521 328 1591 προβάτων
345 1524 510 1574 πεκούλια
528 1525 651 1590 καλοῦσι,
670 1529 715 1576 καὶ
731 1527 785 1577 'cais
803 1524 967 1588 ααμιαμιὶανα
984 1539 1041 1585 ταῖς
1052 1525 1239 1587 παλαιοτάταις

187 1609 251 1674 βοῦν
269 1605 458 1678 ἐπεχάραττον,
486 1606 669 1679 dispitiam,
696 1610 783 1679 ἤαῖα.
824 1612 897 1665 Haec
923 1614 1072 1668 testimonia
1098 1627 1239 1687 propterea

189 1696 256 1763 cito,
275 1695 349 1766 quod
367 1695 470 1767 antiqui
488 1693 586 1750 Gmeci
606 1716 704 1750 nomen
724 1697 812 1765 aliud,
840 1716 922 1770 quam
949 1698 1077 1767 latinum,
1105 1702 1239 1771 ignorasse

187 1784 324 1847 videntur,
350 1801 411 1836 cum
430 1783 533 1855 reipsa
553 1785 669 1838 caruisse
687 1784 855 1839 videantur.“
877 1787 901 1838 X
908 1797 971 1857 yet.
989 1786 1103 1841 Betui.
1141 1789 1241 1857 [Locus

188 1870 321 1925 Plutarchi
341 1881 380 1924 est
405 1871 433 1923 in
451 1870 553 1942 Poplic.
579 1891 637 1942 cap.
656 1870 713 1938 Xl.]
762 1871 805 1924 Ad
832 1873 988 1927 sententiam
1015 1874 1086 1929 vocis
1106 1876 1241 1945 [resalium

188 1959 239 2012 vid.
257 1956 391 2010 Dirlseenii
409 1956 537 2011 Manuale
555 1957 661 2013 Latimt.
679 1959 808 2013 Fontiusn
829 1960 883 2015 lor.
903 1959 959 2015 civ.
977 1961 1084 2016 Romm.
1103 1984 1130 2034 p.
1138 1966 1237 2035 690³sp

188 2044 248 2098 Mr.
283 2045 405 2112 „Festive
423 2044 581 2116 pecuniam,
599 2064 682 2116 quarn
700 2058 832 2118 appetunt
849 2048 900 2115 isti,
917 2049 1052 2118 peculiam
1073 2062 1156 2117 vocat,
1175 2052 1238 2123 quia
1289 2066 1291 2069 '

188 2134 214 2187 id
234 2145 272 2187 est
290 2134 398 2205 proprie
415 2136 580 2187 servorum.“
598 2133 676 2187 Ern.
717 2135 818 2190 Similis
837 2137 923 2190 irrisio
941 2137 1010 2191 inest
1028 2137 1055 2190 in
1073 2138 1120 2192 illo
1138 2140 1240 2194 Horatii

191 2239 264 2275 versu
283 2222 340 2276 Art.
358 2222 434 2275 Poet.
458 2224 525 2277 33⁰:
550 2225 628 2272 Haeo
651 2222 754 2276 animas
776 2241 877 2296 aerugo
901 2234 928 2274 et
951 2242 1019 2276 aura
1040 2227 1159 2293 peculi
1180 2247 1240 2279 oum

189 2310 268 2363 semel
284 2311 423 2373 imbuerit,
450 2328 588 2379 speramus
611 2311 731 2362 earmina
751 2313 827 2383 fingi
843 2329 920 2381 posse
938 2310 995 2363 -?
1025 2311 1154 2385 Excerpe
1174 2314 1241 2386 Eyb.

191 2398 289 2451 habent
304 2398 391 2469 pecul.
409 2408 486 2468 oup'.'
506 2397 566 2449 Mc.

260 2486 410 2555 cupiditate
425 2487 554 2556 peculiil]
591 2488 665 2551 „Hoc
690 2498 728 2540 est
758 2487 928 2558 patrimonii,
955 2488 1109 2542 facultatum
1137 2508 1240 2559 augen-

191 2575 295 2627 darum.
332 2575 418 2627 Vocat
435 2585 526 2628 autem
546 2576 695 2647 peculium,
721 2575 784 2647 quia
811 2587 850 2630 est
876 2576 1003 2645 pecunia,
1030 2595 1112 2649 qnam
1136 2577 1240 2631 manci-

190 2663 265 2734 pium
283 2660 407 2726 domino,
433 2673 480 2716 aut
502 2663 572 2716 filius
596 2663 709 2717 santilias
726 2675 801 2736 patre
823 2663 993 2735 indulgente,
1016 2664 1141 2736 possidet.
1188 2664 1242 2719 Hos

190 2770 253 2805 vero
270 2750 435 2822 heredipetas
458 2750 556 2806 Cicero
580 2752 755 2824 pessimorum
778 2771 916 2808 servorum
945 2752 974 2806 in
1002 2767 1116 2806 nomem
1134 2751 1241 2807 babetl‘

190 2838 372 2892 Graevius.

259 2925 363 2979 nullam
395 2925 569 2978 conditionem
598 2936 726 2979 nonsart!
758 2926 918 2978 durissimae
955 2924 1127 2993 maritatisl]
1171 2927 1239 2980 cod.

189 3013 260 3067 (iud.
279 3014 313 3065 A.
331 3013 539 3065 dirissimae
555 3012 706 3067 servitutis.
742 3011 903 3066 observasse
917 3012 981 3065 mihi
999 3014 1105 3079 videor,
1129 3014 1239 3068 Cicero-

189 3119 250 3153 nem
270 3100 399 3154 adiectiro
417 3100 494 3152 diras
510 3100 567 3153 lere
586 3119 640 3153 non
659 3100 736 3154 aliter
753 3101 810 3167 uti,
835 3119 916 3171 quam
935 3117 998 3154 eum
1017 3099 1050 3152 de
1068 3101 1198 3170 portentis
1215 3113 1243 3155 et

189 3188 309 3241 universe
327 3187 361 3240 de
388 3188 468 3240 rebus
494 3188 528 3239 ad
546 3187 735 3241 disinationem
763 3187 958 3258 pertinentibus
985 3186 1121 3257 loquitur,
1147 3187 1187 3239 vel
1211 3187 1240 3240 in

189 3275 314 3339 versibus,
333 3273 379 3345 qui
397 3275 432 3328 ad
450 3273 563 3328 eandem
586 3293 644 3328 rem
669 3285 797 3347 spectent.
817 3302 852 3315 -
888 3273 931 3326 Ad
950 3294 973 3325 v.
993 3272 1163 3325 Hereditatis
1180 3291 1241 3342 spes

190 3362 251 3418 Ald.
269 3362 357 3417 Mans
382 3361 447 3430 „stc
466 3382 560 3417 omues
577 3341 637 3417 mei.
674 3362 761 3416 Alias:
785 3361 852 3433 quid
868 3360 1027 3413 hereditatis
1044 3362 1131 3428 ψει*ι
1167 3358 1240 3426 Quid

188 3451 241 3505 hoc
258 3451 308 3505 sibi
327 3450 387 3504 velit
404 3451 519 3518 „alias“‚
546 3471 602 3505 non
620 3449 705 3504 video.
751 3450 847 3521 Neque
865 3448 893 3503 iu
912 3448 979 3502 meis
995 3447 1070 3501 libris
1086 3457 1125 3501 sat
1143 3447 1241 3515 multis,

189 3555 277 3611 neque
289 3539 317 3591 iu
335 3537 381 3603 iis,
408 3557 476 3611 quos
493 3539 644 3593 habuerunt
662 3539 777 3592 editores
794 3537 854 3602 alii,
876 3538 946 3591 illius
964 3536 1031 3608 quid
1059 3546 1120 3588 ante
1137 3535 1241 3586 heredi·

187 3626 257 3678 talis
274 3637 386 3697 apparet
401 3626 548 3698 vestigium.
585 3627 630 3680 Est
648 3636 737 3679 autem
754 3625 784 3677 in
803 3623 871 3678 Cod.
889 3623 983 3677 Duisb.
999 3624 1159 3677 hereditatis
1175 3641 1241 3693 ape,

188 3725 215 3769 et
232 3713 271 3766 sic
288 3712 432 3767 coniecisse
450 3713 487 3768 ait
504 3713 677 3768 Gernlsardus
690 3711 864 3776 'Bentleiusm
883 3710 994 3766 addens:
1013 3723 1060 3778 „at
1077 3709 1179 3765 nemini
1198 3711 1240 3762 la-

189 3801 239 3855 cile
259 3802 445 3872 persuaserit.“
480 3801 575 3857 Addat
593 3803 663 3871 „nisi
683 3802 716 3869 ei,
735 3801 782 3873 qui
800 3799 970 3854 soloecismos
987 3799 1015 3851 in
1026 3797 1158 3854 Cicerone
1169 3799 1240 3854 ferre

188 3890 301 3959 potest.“
336 3887 465 3942 Graevius
482 3889 516 3942 ad
535 3889 599 3944 haec
614 3891 707 3944 verba:
726 3890 801 3956 „llos
819 3888 984 3960 heredipetas
1002 3886 1134 3958 exagitant
1151 3887 1237 3958 lepide

187 3974 330 4042 luvenalis,
348 3974 477 4032 Martialis
495 3988 521 4031 et
539 3978 700 4031 Lucienus.“
744 3978 825 4031 Addit
842 3973 944 4028 Geruli.
969 3972 1070 4029 illustre
1087 3973 1236 4045 exemplum

187 4061 260 4131 apud
277 4062 367 4117 Horat.
386 4063 474 4118 Serra.
493 4064 525 4131 ll,
544 4069 570 4131 5,
589 4068 632 4120 64.
682 4065 753 4119 'luna
781 4063 847 4123 Cod.
876 4062 970 4116 Duisb.
995 4063 1093 4117 omittit
1119 4063 1148 4115 in
1175 4071 1237 4113 aute

188 4150 334 4204 serviendo.
387 4148 455 4204 Cod.
478 4150 584 4205 Suerin.
610 4171 687 4225 quem
716 4155 829 4206 mutui
852 4151 909 4205 orti
936 4150 1008 4204 senis
1030 4161 1063 4203 st
1089 4144 1237 4214 locupletia.

189 4236 256 4291 cod·
275 4236 355 4292 llud.
374 4241 398 4292 5·
417 4237 487 4290 orbis
505 4258 556 4309 pro
575 4240 648 4303 orli,·
667 4241 747 4295 Drsd.
767 4245 792 4297 Β.
813 4240 986 4299 &servum
1013 4235 1106 4289 Duisb.
1125 4241 1235 4291 servati
