3059 4925
285 454 360 528 250
621 477 792 526 rsntooxs
819 476 1012 526 scotoonuu.

283 635 348 689 illud
363 637 549 700 excitantem,
567 634 639 688 addit
658 635 745 689 enim:
766 636 962 700 „vocabantur
979 636 1053 691 enim
1069 646 1096 689 et
1111 634 1144 690 ad
1159 630 1274 689 nranum'
1290 657 1338 693 ac·

283 724 451 777 cedebant“:
470 743 499 776 ex
518 734 608 778 mente
626 722 751 777 Gruteri:
770 734 883 795 uterque
896 742 990 795 parum
1002 734 1136 795 reputans,
1153 726 1269 777 excitari
1279 744 1335 779 non

284 810 398 881 potuisse
416 809 513 862 mullos
533 810 564 860 de
581 810 703 880 piscina:
723 826 786 861 nam
805 809 868 863 inde
887 811 956 864 exire
975 831 1030 865 non
1049 822 1181 883 poterant.
1218 812 1279 864 Mr.

353 907 381 949 et
398 914 586 949 muraenarum
605 897 681 965 copia
698 895 860 967 gloriantem
867 898 887 965 :]
908 903 941 949 Ι..
960 899 1082 951 Licinius
1101 902 1216 951 Crassus
1233 908 1335 964 orator,

283 986 325 1037 vir
343 986 497 1050 Censorius,
517 1002 671 1037 muraenam
689 983 719 1034 in
735 983 841 1051 piscino
859 985 952 1037 dumus
977 1003 1043 1038 suae
1068 995 1201 1038 mortuum
1223 996 1335 1038 atratus

283 1083 414 1145 tunquam
426 1072 519 1141 filium
536 1071 617 1125 luxit.
660 1070 696 1121 Id
712 1070 738 1121 ei
755 1071 859 1142 collega
879 1076 926 1125 Gn.
943 1073 1081 1124 Domitius
1106 1090 1166 1124 eum
1191 1072 1220 1124 in
1237 1081 1335 1124 senatu

283 1169 414 1230 tunquam
431 1168 511 1227 turpe
528 1155 677 1220 obiecisset,
700 1165 810 1208 tuntum
829 1157 923 1229 obfuit
942 1168 974 1210 ut
992 1160 1115 1228 confiteri
1131 1156 1283 1225 erubuerit,
1302 1169 1335 1211 ut

281 1248 363 1297 etium
379 1245 516 1316 gloriatus
533 1247 571 1298 rit
585 1249 691 1308 Censor,
706 1245 781 1313 pium
792 1264 846 1297 rem
857 1255 883 1296 et
896 1242 1075 1314 affectuosum
1088 1247 1199 1318 seruisse.
1231 1248 1335 1299 Auctor
1375 1286 1378 1289 -

282 1341 321 1385 est
337 1328 492 1385 Macrobius
510 1331 555 1386 tib.
574 1331 682 1385 Saturn.
701 1334 727 1385 3.
755 1332 806 1399 [est
826 1331 855 1383 L.
873 1331 905 1386 ll.
930 1351 954 1386 c.
974 1335 1016 1386 11.
1044 1354 1071 1405 p.
1090 1336 1152 1389 389.
1178 1334 1219 1387 ed.
1236 1333 1333 1400 Zeum]

282 1420 355 1473 ldem
374 1419 479 1487 scribit,
498 1420 616 1475 Licinios
632 1418 742 1472 Crassos
759 1418 907 1489 appellatos
933 1419 1094 1486 Muraenas,
1116 1421 1192 1493 'quod
1217 1421 1249 1473 iis
1273 1439 1335 1472 mu·

282 1525 379 1560 caenae
402 1508 511 1560 luerunt
537 1507 686 1561 carissimae
711 1505 760 1577 [ib.
780 1506 837 1560 ead.
858 1508 929 1578 pap]
966 1506 1049 1574 Quod
1068 1507 1164 1560 eodem
1181 1507 1244 1581 loco
1267 1507 1334 1561 scri·

282 1595 335 1665 psit
353 1594 530 1649 nobilissimos
548 1593 608 1647 illos
634 1592 783 1664 principes,
818 1592 848 1645 L.
873 1593 1028 1665 Philippum
1047 1605 1074 1649 et
1100 1593 1137 1662 Q
1164 1594 1333 1648 Hortensium

281 1682 396 1753 piscinas
416 1680 536 1734 babuisse
555 1682 665 1733 refertas
684 1681 800 1752 piscibus
817 1681 1027 1751 pretiosissimis,
1046 1682 1135 1753 itaque
1154 1682 1202 1734 bos
1220 1701 1235 1735 o
1254 1680 1334 1735 Cice·

282 1789 349 1823 rone
368 1769 524 1842 piscinarios
541 1769 696 1840 appellatos.
733 1766 772 1820 M.
791 1765 859 1822 Cato
877 1767 983 1835 minor,
1002 1779 1031 1822 ut
1047 1769 1117 1821 idem
1136 1768 1242 1833 scribit,
1270 1767 1334 1821 bae-

282 1875 324 1910 res
341 1856 435 1912 Lucilii
455 1858 540 1912 lactus
558 1857 643 1929 pisces
665 1855 699 1908 de
724 1855 781 1908 eius
799 1856 900 1926 piscina
918 1862 963 1911 tu.
991 1857 1109 1911 millibus
1135 1857 1260 1910 vendidit.
1301 1853 1335 1909 C.

282 1943 380 1997 Caesar
399 1944 535 2012 Dictator,
555 1963 617 1999 cum
637 1942 812 2014 triumphales
830 1963 928 1997 coenas
945 1944 1048 2015 populo
1065 1944 1155 2011 daret,
1183 1963 1225 1996 sex
1250 1942 1332 1995 millia

282 2052 502 2086 muraenarum
525 2031 557 2087 C.
576 2031 666 2084 Hirrio
691 2030 724 2083 ad
744 2030 850 2101 pondus
868 2043 963 2085 mutuo
980 2033 1092 2103 accepit.
1131 2031 1199 2092 Nam
1224 2049 1333 2103 permu-

281 2130 338 2172 tare
358 2120 443 2191 pretio
462 2120 543 2172 aliare
562 2137 652 2172 merce
670 2117 774 2172 Hirrius
793 2118 888 2185 noluit,
909 2131 938 2174 ut
956 2121 993 2174 ait
1002 2121 1104 2174 Plinius
1119 2140 1177 2193 cap.
1186 2125 1228 2176 55.
1246 2119 1291 2173 lib.
1307 2123 1334 2175 9.

211 2246 215 2253 .
281 2206 383 2259 Eodem
402 2206 464 2261 loco
481 2207 588 2273 scribit,
607 2206 778 2261 Hortensium
798 2226 955 2262 muraenam
973 2208 1008 2262 ita
1029 2208 1160 2273 dilexisse,
1188 2221 1218 2262 ut
1243 2206 1333 2259 exani·

282 2308 379 2350 matam
404 2297 479 2351 flesse
505 2296 658 2351 credatur.“
683 2297 756 2351 Frc.
785 2295 876 2368 Sylr.
919 2298 980 2365 „De
1004 2316 1193 2351 muraenarum
1220 2296 1332 2367 piscium

281 2402 379 2454 genere
398 2384 476 2438 bodie
495 2386 583 2439 minos
602 2398 681 2451 noto,
708 2385 782 2457 quod
808 2384 920 2439 Graecis
943 2385 1082 2440 dicebatur
1107 2381 1249 2456 seriptum,
1279 2382 1330 2436 vid.

282 2493 362 2546 quem
380 2475 558 2542 laudavimus,
579 2474 679 2528 Carnus
696 2474 714 2527 Ι.
733 2495 755 2529 e.
777 2495 803 2545 p.
821 2479 882 2528 531.
926 2474 972 2527 llis
988 2485 1076 2527 autem
1096 2474 1207 2543 piscium
1226 2471 1334 2544 generi·

282 2563 331 2616 bus
348 2564 376 2617 in
395 2563 497 2617 vivariis
522 2563 622 2617 alendis
650 2562 852 2617 delectabantur
871 2563 899 2614 in
918 2563 1011 2634 primis
1028 2581 1044 2615 e
1061 2562 1189 2614 Romanis
1213 2560 1334 2612 luxurio·

281 2651 363 2703 siores
380 2659 407 2702 et
424 2649 547 2702 ditiores:
565 2668 618 2719 qua
637 2647 670 2700 de
689 2668 718 2701 re
737 2648 788 2701 vid.
806 2647 863 2702 Cic.
875 2649 908 2700 ad
929 2649 982 2701 Att.
990 2648 1023 2713 ll,
1032 2651 1058 2702 1.
1075 2647 1146 2701 Plus.
1157 2648 1184 2698 in
1196 2644 1332 2715 Apopbtb.

204 2747 208 2750 '
281 2737 353 2789 etin
372 2733 462 2787 libello
481 2734 515 2787 de
532 2733 599 2805 Rep.
619 2734 736 2804 gerenda
756 2754 782 2804 p.
800 2736 880 2787 811.“
899 2735 939 2784 W
946 2743 1008 2804 ytt.
1050 2734 1118 2785 voci
1136 2734 1333 2783 ‘muraenarum

281 2821 310 2875 in
328 2819 396 2876 Cod.
415 2818 474 2874 Cre.
494 2824 517 2874 1.
536 2821 747 2894 superscriptum
766 2834 805 2875 est
823 2821 1025 2893 anguillarum,
1048 2820 1170 2874 voculam
1196 2830 1224 2870 et
1251 2818 1334 2872 omit-

282 2910 312 2963 tit
330 2908 408 2962 Drsd.
428 2912 471 2975 3.,
488 2919 516 2962 at
535 2928 724 2962 muraenarum
743 2910 841 2964 omittit
859 2909 939 2963 Drsd
956 2912 982 2963 ⁴.
1019 2907 1078 2960 Mr.

353 3013 438 3049 nonne
456 2998 529 3050 buno
546 2997 675 3050 bominem
699 3000 741 3051 itu
765 3017 871 3052 anuum
889 2998 1017 3065 iudicet,]
1045 2995 1179 3050 scribitur
1203 2996 1333 3049 boruinem

282 3085 399 3138 nuncin
417 3082 504 3140 codd.
525 3083 604 3138 Drsd.
624 3089 649 3139 1.
670 3088 696 3140 3.
733 3088 837 3140 Vocem
856 3086 899 3136 itn
919 3085 1017 3139 omittit
1034 3082 1093 3138 Cre.
1103 3086 1128 3137 3.
1167 3085 1196 3136 ln
1215 3081 1287 3135 Gud.
1300 3084 1332 3136 Α.

283 3183 321 3227 est
340 3173 410 3226 dicet
436 3191 488 3243 pro
505 3173 616 3224 iudicet·
660 3172 690 3227 ln
711 3171 771 3227 Cra.
792 3179 818 3226 2.
838 3172 926 3226 'Dese
945 3175 971 3227 3.
1000 3183 1038 3226 est
1063 3181 1096 3224 ut
1121 3190 1154 3224 ne
1177 3171 1333 3243 infamia

282 3260 405 3333 quidem
423 3260 496 3314 abest
515 3259 620 3332 quidem
638 3260 665 3313 in
686 3259 813 3323 Drsd.4.;
832 3261 860 3314 in
879 3260 959 3313 Drsd.
971 3263 1029 3314 3.1.
1047 3259 1145 3332 legitur
1164 3260 1262 3312 maiore
1279 3259 1334 3309 uli-

283 3369 335 3421 quo
353 3349 471 3419 dignum.
498 3348 593 3402 Duisb.
610 3349 821 3421 uliquomniore.
848 3347 927 3401 Drsd.
939 3348 965 3398 1.
985 3347 1064 3402 habet
1078 3357 1195 3417 putetur
1212 3366 1263 3419 pro
1280 3365 1334 3416 pu-

283 3448 330 3490 tet.
349 3434 416 3489 On.
433 3435 464 3489 E.
482 3452 513 3497 ψ.
530 3434 628 3488 babent
653 3453 713 3487 nee
737 3436 856 3506 infamia
874 3435 995 3507 quidem,
1020 3434 1072 3488 01.
1091 3432 1111 3488 l.
1138 3453 1192 3487 nou
1216 3434 1334 3505 infamia

283 3524 405 3598 quidm,-
421 3542 472 3595 pro
491 3522 597 3594 quidem
615 3520 726 3576 Gudli.
745 3521 825 3577 babet
843 3524 910 3594 quid
917 3532 959 3575 est
965 3543 976 3584 ,-
995 3521 1067 3576 Gud.
1074 3521 1105 3574 Β.
1124 3523 1223 3573 maiore
1239 3521 1333 3592 aliquo

281 3613 388 3683 negotio
401 3612 529 3683 dignum
549 3611 591 3664 Au
606 3631 630 3663 v.
642 3611 757 3679 scurilia
775 3611 863 3682 Wytt.
883 3610 919 3677 „i.
940 3630 980 3675 e,
998 3610 1094 3681 inquit,
1113 3609 1274 3663 famulitium
1292 3609 1332 3661 vel

282 3708 336 3752 tota
354 3699 517 3752 stimulorum
544 3696 668 3752 oobors.“
711 3697 753 3751 Ad
770 3719 793 3750 v.
820 3698 918 3749 maiore
941 3698 1033 3769 ulique
1055 3699 1162 3770 negotio
1179 3695 1241 3750 Fre.
1260 3695 1332 3769 Sylv.

282 3786 366 3838 addit:
394 3805 495 3856 „quam
514 3796 543 3839 ut
561 3788 646 3857 pisces
664 3789 836 3858 pertractet.“
870 3785 930 3838 Mc.

354 3874 401 3925 Au
418 3890 509 3926 eorum
526 3874 643 3927 seruitus
656 3872 738 3926 dudio
756 3875 818 3942 est‚]
838 3875 941 3926 Vocem
959 3882 1001 3924 est
1019 3872 1117 3926 omittit
1135 3870 1207 3924 Gud.
1218 3871 1251 3924 A.
1275 3871 1329 3924 Pro

283 3960 330 4033 qui
348 3965 387 4013 est
405 3976 456 4030 que
473 3970 500 4014 et
516 3979 597 4032 supra
616 3960 663 4014 lin.
681 3981 706 4013 ee
732 3962 760 4015 in
779 3962 845 4016 Cod.
863 3961 922 4014 Cn.
941 3964 967 4015 3.
1002 3959 1045 4014 Ad
1064 3979 1086 4012 v.
1111 3959 1262 4028 cupiditate
1284 3976 1332 4027 pe-

282 4048 347 4101 culii
365 4034 426 4101 Fre.
445 4045 516 4118 Sylv.
535 4046 612 4101 bueo:
631 4050 790 4113 „Peculium
808 4048 981 4101 aTuberone
998 4046 1133 4111 definitur,
1152 4056 1182 4099 ut
1199 4045 1241 4111 sit,
1260 4045 1332 4115 quod

282 4154 370 4188 servus
388 4133 490 4190 domini
509 4135 639 4207 permissu
657 4145 808 4205 separatum
827 4154 842 4187 a
863 4134 1010 4187 rationibus
1026 4132 1168 4188 dominicis
1179 4132 1266 4201 babet,
1285 4132 1333 4184 de·

284 4223 365 4277 ducto
386 4222 448 4277 inde
465 4222 486 4278 si
503 4221 568 4294 quid
586 4221 697 4275 domino
715 4222 836 4276 debetur.
882 4222 991 4277 Dictum
1017 4232 1057 4276 est
1080 4232 1170 4276 eutem
1190 4221 1334 4293 peculium,
