3059 4925
487 466 682 544 rsnsnorun
700 469 723 515 t.
748 469 818 517 csr.
838 472 886 517 m.
1168 454 1217 526 79

168 622 262 676 rann.
274 624 353 678 sess.
365 622 406 692 4.)
422 633 448 676 n
465 621 485 675 t.
497 623 527 675 r.
546 623 724 679 curtam,
741 624 842 696 (assu.
854 628 898 681 as.
909 609 1009 683 s'mt.
1020 648 1045 684 u.
1057 631 1083 686 a.
1094 632 1217 691 runem.

169 710 195 763 d.
214 709 328 763 Altertb.
349 708 495 779 ettae.)
532 711 591 766 Mr.

240 799 287 869 qui
303 799 456 851 mannonis
474 800 554 851 tectis
572 801 619 868 —]
637 799 688 852 Th.
706 798 858 853 Bentleium
870 802 1013 856 coniecisse
1023 804 1105 859 resert
1116 806 1218 861 Gernb.

170 886 198 937 in
216 883 365 938 Addendiss
389 885 436 957 qui
454 886 519 938 solis
536 886 702 950 marmoreis,
721 887 769 958 qui
787 888 866 940 tectis
890 889 965 941 ebore
983 902 1033 945 cet.
1056 893 1131 945 cuius
1149 914 1216 949 con-

170 976 271 1025 iectura
288 972 390 1024 nemini
409 971 512 1027 ridetur
535 972 677 1044 placuisse:
701 992 792 1046 neque
815 993 845 1027 ea
870 994 939 1047 opus
962 988 1008 1032 est.
1053 980 1124 1033 Solis
1146 994 1216 1037 certe

170 1056 306 1112 Ciceronis
324 1077 434 1111 manum
455 1078 511 1112 non
528 1059 636 1114 redolet
655 1060 715 1113 Mr.

171 1179 174 1184 »
238 1163 305 1196 auro
323 1153 351 1194 st
367 1147 491 1216 argento]
511 1146 600 1199 Verba
619 1157 645 1197 et
664 1156 779 1219 argento
797 1147 894 1201 desunt
911 1149 939 1201 in
957 1148 1025 1205 cod.
1040 1152 1120 1207 Drsd.
1136 1158 1163 1208 4.
1181 1186 1215 1196 -—

168 1229 225 1296 „Es
243 1248 304 1284 aere
321 1228 462 1286 Corinthio
481 1243 540 1303 post
565 1232 649 1303 ipsam
669 1231 829 1286 Corinthum
855 1254 869 1287 a
889 1235 918 1289 L.
935 1236 1068 1292 Mummio
1094 1261 1218 1300 eversam.

169 1316 311 1385 Operibus,
334 1336 385 1370 sex.
403 1317 504 1387 Opibus
522 1319 679 1373 duodecim:
707 1321 749 1387 [ex
773 1340 914 1392 perperam
939 1322 1009 1377 lecto
1035 1331 1219 1399 compendiol.

166 1403 231 1457 Aes·
244 1402 415 1457 Corinthium
440 1406 516 1477 Virg.
547 1405 647 1477 Georg.
673 1406 705 1459 ll.
731 1407 815 1475 [464]
842 1410 981 1479 Ephyreia
999 1431 1049 1465 ara
1073 1416 1217 1486 appellat.“

168 1490 240 1544 ΑΜ.
257 1490 387 1549 Manut.
425 1491 552 1563 „Ephyre
570 1492 716 1560 Corinthus
733 1504 781 1560 est,
799 1505 829 1548 ut
847 1495 884 1551 ait
901 1495 1014 1553 Servius.
1050 1499 1109 1555 lloc
1126 1522 1170 1555 aes
1188 1523 1218 1556 ex

168 1579 196 1633 S.
208 1577 239 1632 C.
247 1579 331 1633 deleta
349 1598 364 1632 a
383 1578 555 1632 lsMummio
570 1578 701 1633 Corintho
712 1580 814 1633 iactum
823 1592 849 1634 et
862 1579 1006 1637 catillatum
1027 1597 1077 1640 est:
1097 1608 1159 1642 nam
1172 1610 1217 1643 ae-

170 1668 205 1719 ris
222 1678 313 1730 notam
332 1667 515 1738 pretiosiorem
534 1667 591 1739 ipsa
610 1667 825 1738 opulentissimae
843 1670 917 1722 urbis
933 1671 996 1725 lecit
1013 1673 1124 1727 iniuria:
1154 1679 1216 1747 quia

167 1753 293 1807 incendio
310 1754 424 1824 perustis
441 1754 563 1825 plurimis
580 1754 671 1807 statuis
688 1765 770 1825 atque
787 1755 935 1809 simulacris
952 1758 1027 1823 aeris,
1045 1762 1103 1813 auri
1120 1782 1218 1834 argen-

167 1843 241 1913 tique
258 1861 342 1896 venae
358 1843 386 1894 in
404 1860 548 1895 commune
565 1841 674 1894 fluxere.
710 1843 763 1894 Aes
774 1842 952 1909 Corinthium,
969 1844 1110 1899 Deliacum
1128 1850 1219 1903 etde·

167 1930 313 2001 gineticum
332 1947 394 1982 cum
412 1946 442 1981 ex
460 1928 550 1982 multis
568 1929 759 2001 scriptoribus,
787 1941 844 1983 tum
864 1931 976 1984 maxime
999 1952 1029 1985 er
1047 1933 1136 1989 Plinio
1153 1949 1217 1992 nota

168 2026 241 2070 suut:
259 2018 302 2081 34,
321 2021 347 2068 2.
384 2015 524 2085 Legendus
541 2016 654 2078 omnino
674 2017 721 2069 tibi
740 2016 832 2069 Lazari
850 2017 957 2088 [Bayfii]
975 2019 1045 2073 liber
1060 2022 1093 2075 de
1113 2025 1215 2079 Vescu-

167 2104 199 2157 lis
209 2107 273 2156 est.“
293 2105 385 2173 Xyst.
403 2102 593 2155 Betuleius.
630 2103 789 2169 „Corinthia
801 2122 883 2173 opera
900 2117 977 2159 erant
991 2126 1058 2174 rasa,
1079 2109 1143 2162 item
1161 2123 1216 2165 sta·

167 2201 228 2243 tuae
245 2201 272 2243 et
288 2189 382 2242 similia
402 2208 483 2260 opera
503 2208 532 2241 ex
558 2207 620 2241 aere
639 2188 779 2242 Corinthio
797 2190 880 2244 tacta:
906 2194 979 2264 quod
1002 2195 1053 2249 luit
1082 2211 1217 2253 aes'certa

167 2278 269 2333 ratione
288 2278 479 2350 compositum,
498 2295 566 2348 quae
587 2276 747 2347 compositio
765 2276 854 2331 diruta
873 2279 1003 2333 corintho
1016 2281 1044 2334 in
1056 2283 1216 2337 oblivionem

168 2365 245 2431 abiit,
265 2365 336 2419 unde
353 2381 411 2417 rasa
431 2362 570 2417 Corinthia
595 2362 705 2415 immani
733 2365 821 2433 pretio
848 2365 1037 2420 vendebantur.
1078 2371 1218 2424 Caelatum

166 2472 278 2506 aarum:
304 2464 342 2507 est
367 2451 418 2506 boc
442 2471 542 2505 nomen
569 2451 669 2505 factum
689 2471 703 2504 a
723 2449 829 2505 Graeco
854 2449 952 2520 κοιλὸς,
981 2466 1007 2508 et
1033 2454 1218 2526 significantur

167 2561 198 2594 eo
214 2546 293 2606 ¹rasa,
312 2540 410 2611 quibus
427 2540 557 2610 imagines
575 2539 756 2610 insigniuntur
774 2550 918 2606 exstantes,
945 2542 1016 2612 quod
1044 2553 1134 2613 postea
1153 2544 1216 2598 item

167 2622 404 2697 sculpere'dictum
424 2638 477 2693 est,
496 2638 607 2696 etopus
625 2626 769 2696 sculptam.
789 2654 822 2666 -
866 2629 979 2698 Signum
997 2630 1127 2684 Romanis
1150 2652 1216 2704 pro-

167 2715 225 2786 prie
243 2714 340 2769 dicitur
351 2712 484 2785 sigillum,
504 2732 559 2786 quo
571 2713 673 2767 litterae
692 2716 719 2767 et
727 2712 779 2769 alia
790 2714 974 2786 obsignantur.
1010 2718 1115 2772 Deinde
1126 2722 1216 2774 omnia

167 2820 248 2874 opera
267 2802 345 2867 artis,
363 2801 472 2868 annuli,
490 2800 597 2855 tabulae
614 2801 715 2873 pictae,
746 2801 861 2855 caelatae
886 2814 913 2857 et
930 2815 1032 2857 statuae
1051 2806 1147 2858 eodem
1165 2826 1217 2860 no-

166 2889 239 2942 mine
257 2887 389 2960 appellata
410 2892 497 2942 sunt.“
509 2888 550 2937 W
556 2888 690 2959 yttenb.
728 2886 836 2958 „Super
848 2889 1066 2958 aereCorintbio,
1084 2912 1216 2964 quaenam

167 2975 237 3029 illius
256 2976 334 3046 origo
350 2975 449 3041 suerit,
468 2975 538 3028 varia
558 2975 652 3028 tradita
671 2975 785 3028 suntab
804 2976 927 3047 antiquis.
964 2978 1067 3032 Plinius
1084 2999 1146 3033 casu
1165 2982 1217 3034 rni-

169 3074 238 3116 stum
258 3081 313 3116 esse
330 3062 374 3130 ait,
392 3063 532 3129 Corintbu,
552 3082 613 3117 cum
634 3075 783 3136 caperetur,
801 3064 919 3118 incensa.
954 3065 983 3118 L.
994 3082 1103 3138 quoque
1121 3067 1217 3122 Florus

168 3150 279 3204 eandem
299 3148 455 3202 sententiam
474 3150 610 3221 sequitur,
637 3169 652 3202 a
674 3168 728 3221 quo
746 3151 782 3201 ita
801 3149 949 3204 haedere
968 3154 1097 3223 scriptum
1116 3165 1153 3206 est
1172 3154 1216 3220 [ll,

168 3240 211 3302 ld,
229 3238 266 3304 7.]
301 3237 382 3290 Aeris
401 3247 493 3289 notam
514 3237 697 3306 pretiosiorem
726 3237 787 3304 ipsa
811 3237 1027 3305 opulentissimae
1052 3239 1127 3290 urbis
1143 3240 1216 3309 see-it

167 3326 267 3377 iniuria
274 3344 285 3386 ,·
304 3325 369 3396 quia
384 3324 504 3376 incendia
520 3300 660 3393 permistii
674 3322 802 3392 plurimis
820 3324 924 3374 statuis
946 3333 1029 3395 atque
1053 3325 1215 3391 simulacris,

168 3412 250 3475 aeris,
269 3411 331 3462 auri
344 3411 502 3482 argentique
518 3427 602 3462 venae
619 3411 648 3462 in
665 3408 800 3461 commune
810 3412 926 3480 fluxere.
953 3409 1016 3478 [Ad
1027 3430 1106 3481 quem
1125 3411 1214 3466 locum

167 3498 218 3551 rid.
238 3497 410 3568 interpretes,
428 3497 457 3549 in
474 3496 568 3568 primis
586 3495 746 3565 Baiarum]
784 3497 819 3551 As
837 3497 881 3551 alii
899 3516 981 3551 uuam
1000 3499 1081 3551 modo
1099 3500 1216 3572 antiquis

169 3586 333 3655 temporibus
351 3584 463 3637 domam
480 3584 570 3638 arsisse
589 3583 691 3651 dicunt,
711 3587 739 3638 in
759 3604 884 3657 quacum
903 3585 960 3637 auri
974 3587 1131 3657 argentique
1144 3604 1214 3642 non-

170 3671 235 3724 nihil
253 3672 363 3738 inesset,
382 3671 450 3724 aeris
468 3683 556 3725 autem
576 3691 672 3744 magna
691 3674 741 3738 sis,
759 3672 897 3727 commista
922 3672 966 3725 illa
995 3680 1021 3726 et
1046 3673 1074 3725 in
1102 3676 1214 3728 eandem

169 3760 279 3814 contusa
296 3777 425 3824 massam,
444 3778 473 3811 ex
491 3778 524 3812 eo
543 3761 664 3823 metallo,
683 3763 759 3816 cuius
778 3762 865 3814 maior
882 3760 969 3813 inerat
984 3778 1062 3831 pars,
1082 3762 1213 3816 Corinthii
1309 3806 1311 3811 ,

168 3847 235 3901 aeris
252 3864 352 3899 nomen
371 3846 532 3917 acceperint.
568 3846 622 3900 Alii
640 3848 735 3914 etiam
762 3849 835 3920 quod
855 3847 966 3919 propius
988 3849 1021 3901 ad
1041 3852 1093 3902 reri
1120 3850 1214 3903 simili·

168 3934 287 3987 tudinem
306 3933 440 3988 accedere
451 3931 561 3998 videtur,
581 3946 700 3999 narrant,
721 3935 854 3986 aerarium
867 3935 1000 4005 quendam
1014 3936 1121 3989 labrum
1134 3936 1213 3988 fuisse

166 4020 306 4088 Corinthi,
332 4023 379 4093 qui
397 4039 458 4075 cum
477 4019 611 4074 incidisset
629 4020 656 4072 in
683 4019 788 4072 thecam
807 4021 866 4072 auri
890 4019 998 4095 plenam
1026 4040 1139 4092 eamque
1164 4020 1212 4073 sibi

166 4109 328 4176 abstulisset,
347 4107 425 4162 naid
445 4107 601 4173 resciretur,
621 4119 758 4172 metuens,
788 4108 927 4163 dissectum
950 4108 978 4160 in
998 4109 1112 4161 minutas
1129 4105 1214 4177 parti·

166 4194 238 4249 culas
254 4213 349 4250 aurum
366 4193 502 4267 paullatim
521 4195 576 4246 aeri
594 4194 779 4263 admiscuerit,
798 4194 1036 4265 admirabilemque
1053 4193 1125 4245 illam
1145 4203 1213 4245 tem-
