3059 4925
417 471 452 516 ll.
504 471 678 519 ttotttmt
705 472 970 525 testimonum:
1051 480 1055 486 '
1142 481 1213 527 xvn

168 630 368 684 Venundcntar
387 631 546 683 Porrlsitios
562 630 628 699 (de)
648 632 676 682 in
706 632 766 683 eico
789 633 846 685 diri
863 634 955 687 [aselii
978 654 995 685 o
1021 638 1156 708 Gousrido
1181 641 1213 691 de

166 720 293 790 Mornef,
313 718 457 790 subsigno
476 718 617 769 Pellieoni.
636 746 669 756 -
698 720 727 770 ln
745 718 812 772 line:
831 723 874 771 Ex
892 721 1003 774 neribus
1019 725 1212 777 Ieanrsislior»

145 865 150 868 ,
165 806 227 869 bier,
248 807 348 857 ciem
360 806 403 857 die
419 805 515 857 mensis
533 805 611 856 Iollii
619 805 682 874 (sic)
693 806 774 857 Anno
793 807 841 858 diii
855 808 991 861 millesimo
1005 810 1213 880 quingentesimo

165 895 334 947 Duodecimn.
360 898 385 947 8.
420 893 480 946 Non
505 891 665 946 noveritc.
683 892 829 947 Beierus
851 894 923 949 hanc
939 897 1098 963 editionem,
1124 918 1213 971 neque

164 979 337 1034 Orellius.

235 1071 260 1120 4.
299 1068 406 1119 Tullius
428 1067 458 1118 de
477 1067 588 1136 Officiis
607 1077 660 1121 etc.
679 1086 728 1119 nec
743 1087 798 1119 non
816 1071 964 1121 Parodana
980 1073 1110 1125 eicsrlerrm
1138 1077 1212 1142 Opus

164 1154 263 1210 Bened.
281 1153 460 1225 Brugnoli
486 1154 579 1205 stadio
601 1153 783 1205 emaculatum
807 1155 910 1208 additis
926 1159 1037 1210 Graecis
1058 1177 1128 1230 quoe
1152 1160 1212 1212 dee·

163 1254 228 1295 rant
244 1269 279 1286 --
304 1271 339 1281 -
364 1240 502 1292 adiunctis
524 1249 668 1309 praetem
690 1243 887 1294 commentariis
911 1246 1009 1300 Frons.
1032 1245 1212 1298 Omnibon‘i

162 1329 340 1401 Ascensiique
355 1330 385 1380 in
406 1328 532 1381 chinum
549 1328 722 1383 Paradoxon.
743 1330 816 1400 quod
824 1330 972 1388 latinorum
989 1332 1083 1385 nullos
1094 1335 1132 1383 od
1145 1335 1213 1386 hoec

163 1435 248 1488 osque
265 1426 386 1485 tempora
404 1433 495 1467 erum
509 1425 551 1468 eet
568 1416 718 1468 enoelmre.
735 1443 771 1462 «-
807 1417 840 1470 ln
856 1417 924 1471 lines
943 1422 1104 1489 Impressum
1126 1424 1212 1473 Verse-

163 1503 211 1554 tiie
229 1530 263 1544 -·
282 1513 393 1571 sumpto
413 1502 534 1573 mireque
553 1503 694 1574 diligentia
712 1505 825 1556 Ioannis
843 1505 875 1556 de
886 1506 995 1559 Tridino
1007 1507 1079 1559 alios
1098 1509 1212 1560 Taeoini

162 1609 234 1643 anno
256 1620 287 1636 -
312 1589 351 1643 Μ.
370 1589 404 1643 D.
421 1589 502 1642 xtttl.
527 1589 571 1640 die
598 1590 696 1642 ultimo
723 1590 875 1643 Februarii.
899 1592 919 1645 i.
944 1612 980 1647 ns.
1004 1592 1122 1648 Graecas
1145 1594 1211 1649 haee
1237 1660 1239 1664 γ

162 1678 244 1731 editio
267 1677 346 1732 habet
368 1677 566 1732 Paradosomm
596 1676 798 1746 inscriptiones,
829 1679 875 1731 sed
900 1681 1053 1760 accentibus
1082 1694 1209 1737 carentes.

164 1766 223 1821 vit.
242 1765 275 1821 C.
293 1765 405 1819 Beier.
423 1765 441 1819 l.
459 1783 483 1818 c.
499 1767 598 1835 pm.
617 1763 652 1817 N.
669 1768 713 1819 23.

234 1875 258 1924 5.
294 1873 333 1924 Μ.
345 1874 375 1922 Τ.
386 1870 525 1922 Ciceronis.
550 1872 593 1920 De
611 1868 752 1923 Amicitia.
782 1872 982 1924 DeSeneetete.
1013 1872 1210 1925 Pondere.-

162 1958 193 2012 ln
212 1957 279 2011 fine:
299 1956 486 2028 Argentorati.
513 1958 557 2007 Ex
567 1953 679 2007 oedibus
690 1955 886 2009 &hemionis
914 1959 1006 2008 Mense
1021 1958 1103 2010 Maio.
1130 1958 1211 2012 Anno

163 2044 200 2096 M.
217 2045 251 2097 1).
269 2044 326 2096 XV.
344 2049 370 2098 4.
408 2042 467 2096 Non
487 2061 585 2114 paucas
601 2041 681 2096 lta'bet
699 2041 825 2096 lectiones
844 2044 954 2115 probas,
981 2063 995 2096 a
1022 2045 1212 2116 posterioribus

165 2132 306 2203 neglectas.

235 2240 261 2291 t.
299 2237 387 2288 Cicero
412 2255 471 2288 curn
496 2243 639 2288 continente
666 2236 786 2290 Marsi.
834 2236 1004 2286 Moturcncii
1027 2247 1054 2286 et
1078 2238 1210 2291 Ascensii.

143 2315 198 2375 'In
217 2327 258 2379 M.
281 2327 309 2377 T.
329 2323 459 2376 Ciceronis
479 2311 510 2373 de
529 2322 577 2391 off.
597 2323 674 2377 ornic.
696 2340 751 2375 sen.
776 2330 804 2372 et
820 2319 967 2390 paradoxis
986 2321 1067 2374 libros
1081 2341 1212 2393 perquam

160 2411 312 2481 familiaris
339 2410 491 2482 explicatio.
511 2440 545 2451 -
592 2413 703 2482 inques.
729 2410 846 2461 Mcillet.
891 2408 921 2461 ln
948 2408 1014 2461 fine:
1048 2408 1212 2464 Absolutum

165 2498 214 2550 ltoe
232 2499 403 2569 preclarum
428 2517 495 2568 opus
519 2497 610 2568 chd.
635 2496 807 2549 exactissimo
840 2515 906 2548 curo
931 2525 966 2536 -—
992 2507 1019 2547 et
1043 2496 1212 2550 nitidissimis

164 2604 328 2639 excussum
358 2584 572 2638 eoroteriboss.
612 2604 682 2637 anno
713 2584 813 2636 domini
837 2586 877 2635 M.
896 2585 1007 2636 00000.
1025 2586 1091 2636 XV.
1117 2586 1212 2637 mensis

165 2672 239 2724 Iulii.
257 2672 275 2724 l.
297 2691 332 2724 m.
351 2702 384 2712 -
422 2670 452 2724 ln
473 2672 521 2725 hac
540 2691 651 2743 quoque
670 2670 719 2724 Ed.
737 2669 840 2723 Graeca
859 2670 952 2724 litteris
970 2672 1070 2724 Latinis
1088 2683 1148 2725 sunt
1167 2693 1211 2723 ex·
1315 2679 1320 2684 '

167 2746 267 2830 pressa}
292 2780 314 2813 r.
341 2779 364 2813 c.
391 2759 519 2812 Paradoxi
545 2760 632 2830 quinti
656 2759 794 2830 inscriptio
821 2770 872 2812 est:
899 2758 945 2809 Oti
970 2778 1058 2811 monos
1084 2759 1212 2827 hosoplsos

40 2844 42 2859 '
121 2864 130 2881 ·
165 2846 314 2898 eleutheros
331 2838 458 2916 kepantes
476 2847 506 2897 lsi
523 2848 589 2899 mori
614 2847 679 2902 deli.
724 2847 753 2899 ln
775 2844 994 2910 Commentariis,
1023 2845 1068 2897 ubi
1093 2844 1212 2898 Graecae

166 2933 298 2987 debebant
316 2952 369 2986 esse
388 2953 479 3001 voees,
497 2933 593 2989 lacuna
614 2947 659 2990 est.

238 3044 266 3095 i.
291 3040 401 3093 Aldina:
421 3043 454 3091 In
467 3040 517 3091 lcoc
528 3040 626 3094 volum.
637 3039 823 3092 continentur:
843 3041 883 3091 M.
898 3041 927 3089 Τ.
935 3036 1065 3088 Ciceronis
1078 3033 1132 3102 Off.
1146 3036 1213 3085 Coto

167 3129 229 3181 moi.
249 3147 271 3183 s.
297 3128 329 3177 de
353 3131 413 3178 Seri.
432 3127 542 3180 Laelius
560 3148 583 3182 s.
611 3128 642 3179 de
660 3126 749 3180 Amic.
775 3126 861 3179 Somn.
888 3125 958 3192 Scip.
983 3142 1015 3173 ex
1040 3124 1088 3175 VI.
1109 3120 1139 3169 de
1158 3138 1211 3187 rep.

166 3224 330 3283 excerptum.
341 3241 376 3253 ·-
401 3214 555 3283 Παράδοξα.
593 3208 896 3283 (AddunturOsoddooo
915 3217 971 3278 napi
983 3207 1069 3278 γήρως
1086 3207 1212 3276 interiecto.

159 3298 278 3370 ”Oinone
296 3304 386 3367 Σκιπ.)
424 3301 454 3353 ln
473 3301 539 3353 fine:
563 3300 681 3353 Venetiis
698 3300 726 3350 in
745 3296 857 3349 oedibus
874 3297 943 3349 Aldi
960 3305 986 3344 et
998 3295 1123 3347 Andreae
1136 3295 1214 3345 Asu-

165 3390 224 3440 loni
240 3388 331 3442 soceri.
350 3392 390 3441 M.
410 3395 445 3443 D.
464 3391 565 3441 XVII.
585 3391 677 3439 Mense
695 3385 766 3437 Ioni.
788 3386 812 3436 8.
861 3381 927 3433 Vide
953 3381 985 3432 de
1009 3400 1038 3432 ea
1059 3379 1108 3435 Ed.
1127 3378 1212 3433 Orell.
1240 3446 1245 3451 ‘

165 3473 267 3537 Onom.
288 3473 359 3529 Tull.
380 3475 399 3526 l.
418 3494 444 3547 p.
462 3478 524 3530 343.

238 3581 262 3631 8.
299 3575 410 3631 Aldina:
441 3580 481 3631 M.
513 3577 585 3631 Tull.
609 3578 661 3632 Cic.
681 3575 735 3645 Off·
762 3575 794 3625 de
811 3574 898 3626 Amic.
917 3570 949 3622 de
972 3575 1032 3623 Sea.
1053 3598 1087 3609 -
1124 3572 1216 3621 Poro-

166 3663 254 3729 doxa,
283 3663 427 3733 interprete
445 3665 583 3730 Ascendo,
619 3664 752 3732 venetiis,
782 3654 991 3715 Moxtv111.t.
1011 3677 1046 3711 ns.
1067 3656 1214 3727 Elegantis-

165 3748 231 3801 sime
249 3748 346 3815 editio,
373 3752 406 3803 ab
424 3749 536 3805 aliarum
557 3749 716 3803 Aldinarunt
742 3747 901 3803 lectionibus
926 3746 1015 3799 multis
1032 3745 1103 3799 locis
1121 3743 1215 3798 admo·

166 3833 231 3888 dutn
250 3834 411 3907 discrepans.
459 3838 501 3892 De
527 3858 557 3891 ea
583 3837 633 3891 Ed.
657 3836 727 3891 haud
754 3838 894 3908 frequente
924 3833 973 3885 sid.
1001 3831 1086 3886 Oceli.
1112 3830 1214 3886 Onom.

111 3948 115 3954 ι
169 3921 240 3975 run.
257 3922 290 3975 T.
309 3922 328 3975 t.
346 3943 374 3995 p.
393 3927 454 3981 sn.
1018 3966 1025 3978 .

236 4032 261 4082 ll.
297 4029 339 4080 tt.
362 4031 391 4081 Τ.
410 4032 440 4082 0.
465 4031 563 4100 Officia
592 4031 735 4103 diligenter
758 4029 914 4087 restituto„
935 4026 1031 4080 Eiusd.
1052 4006 1087 4075 vde
1110 4025 1174 4077 Am.
1187 4036 1215 4080 et

163 4117 225 4168 Seri.
245 4116 357 4187 Dialogi
374 4106 485 4189 singoli.
521 4121 670 4174 Porcdoxo
687 4129 716 4171 et
733 4119 902 4188 Summdcip.
917 4119 981 4170 Crem
995 4134 1058 4167 ann.
1076 4112 1216 4165 Erasmt

162 4207 226 4257 Rot.
246 4213 273 4254 rt
291 4203 366 4256 Plril.
386 4207 628 4263 Melcnctlsonis:
639 4212 717 4263 .Item
730 4205 911 4261 onn..Bortlr.
929 4200 1067 4257 Latomi
1084 4198 1113 4248 in
1126 4199 1215 4248 Poro-

966 4296 988 4357 b
