3059 4925
298 462 372 534 llo
626 486 798 534 peninon
825 487 1018 537 eroiconun.

294 644 444 695 exanimari
461 641 557 697 Cicero
583 644 646 698 dixit
665 644 743 700 etiam
770 647 797 701 in
817 645 867 700 Or.
887 664 937 717 pro
964 645 1024 700 Mil.
1041 651 1086 701 24.
1111 648 1235 702 conlecti
1263 661 1350 721 polest

295 732 374 784 eiiam
399 728 491 783 Horat.
524 733 642 785 Gen-mm.
668 732 775 801 ll{,12‚
794 737 810 786 2
829 753 883 805 sq.:
918 735 1130 788 Exanimari
1156 748 1349 789 metuentes

293 828 413 889 patruae
432 817 540 870 verbera
561 820 679 891 linguae.
715 821 777 875 Mt.

365 907 529 960 iudiciorum
546 918 574 958 et
592 908 707 979 legum]
738 908 806 962 eod.
825 907 895 963 Gud.
914 908 946 961 Β.
968 920 1027 981 post
1051 910 1210 963 iudiciorum
1228 912 1343 966 additam

294 993 373 1047 habet
390 1012 499 1065 pravam
512 994 626 1065 glossam
639 995 798 1066 falsorum,
822 997 850 1049 in
869 996 949 1050 Drsd.
966 1001 993 1050 4.
1018 997 1097 1068 plene
1113 997 1232 1070 ineptam
1244 1001 1348 1069 floren-

294 1082 372 1136 tium.
417 1082 489 1136 Tum
512 1082 592 1136 Drsd.
617 1087 642 1137 5.
666 1101 824 1155 quocunque
850 1084 1046 1152 aspexeris.
1090 1084 1196 1138 Deinde
1223 1084 1295 1139 Gud.
1314 1086 1347 1139 Α.

294 1168 364 1219 tibi
381 1179 520 1221 occurrent
538 1179 626 1220 tuae
643 1170 776 1233 iniuriae,
796 1172 891 1223 Crui.
907 1174 933 1222 2.
951 1169 1020 1220 tibi
1038 1180 1124 1221 tuae
1141 1183 1285 1224 accurrunt
1302 1175 1347 1224 in-

292 1256 397 1317 iuriue3
417 1267 565 1327 quaesunt
582 1275 638 1309 non
655 1256 744 1310 minus
762 1256 843 1322 feisa,
873 1275 954 1328 quem
974 1274 1043 1327 quae
1061 1275 1141 1327 supra
1169 1260 1345 1313 correximus:

293 1353 327 1395 te
345 1354 429 1397 tuae
453 1344 574 1395 libidines
599 1353 734 1415 torquent.
782 1343 819 1396 Ut
838 1343 910 1395 enim
928 1342 964 1395 ibi
983 1343 1174 1413 corrigendum
1192 1344 1244 1398 luit
1261 1356 1345 1399 tuae

292 1443 325 1483 te
351 1431 474 1483 libidines
497 1441 640 1500 torquent,
673 1430 710 1484 iia
736 1429 763 1485 5.
787 1430 806 1483 Ι.
832 1441 904 1483 recte
929 1429 1027 1501 legitur
1051 1440 1136 1482 tuae
1158 1432 1225 1483 tibi
1249 1452 1343 1484 occur-

291 1530 356 1571 runt
373 1521 497 1574 iniuriae.
539 1518 629 1571 Verba
647 1536 717 1594 quae
736 1529 816 1571 te-
834 1520 928 1571 sinunt
946 1517 1100 1572 exciderunt
1115 1520 1144 1571 in
1163 1519 1230 1572 Cod.
1249 1519 1299 1574 01.
1311 1520 1343 1573 E.

291 1609 322 1659 ln
342 1608 400 1664 οη.
418 1610 444 1661 5.
463 1618 502 1661 est
519 1607 708 1675 suspirare
727 1624 797 1677 quae
814 1617 842 1657 te
860 1606 972 1658 libere
990 1625 1043 1658 non
1059 1607 1210 1672 sinunt'(et
1227 1606 1343 1660 sicEdd.

291 1696 360 1748 Ven.
387 1699 465 1749 1492.
485 1698 564 1750 1514.
594 1695 656 1749 Par.
685 1698 764 1749 1507.
789 1698 869 1748 1512.
900 1694 985 1766 Lugd.
1005 1698 1083 1748 1515.
1101 1694 1180 1748 Hdlb.
1199 1715 1219 1749 s.
1240 1697 1256 1748 1.
1275 1706 1302 1748 et
1319 1714 1343 1747 a.

291 1783 483 1850 Dav.1515.);
514 1803 582 1837 unus
606 1782 667 1836 Aldi
691 1782 767 1836 Men.
794 1802 863 1855 quae
885 1781 1075 1851 suspirare
1103 1792 1136 1833 te
1163 1803 1215 1834 non
1239 1784 1342 1840 sinunt,

291 1888 352 1922 cum
371 1869 452 1923 Drsd.
472 1875 496 1924 2.
531 1871 636 1923 Habent
654 1869 733 1923 etiam
752 1870 892 1938 suspirare
908 1869 1006 1941 reliqui
1024 1868 1099 1934 Aldi,
1118 1869 1183 1923 01¹.
1197 1871 1340 1938 U.n.a.u.

289 1956 384 2010 Duis.b
411 1960 469 2014 Cre.
489 1961 513 2011 1.
533 1962 558 2010 2.
596 1958 702 2010 Sues-in
727 1956 801 2008 Gud.
819 1957 851 2009 Β.
876 1956 937 2009 Bas.
962 1956 1011 2007 Ed.
1039 1975 1097 2027 pra.
1121 1960 1199 2011 1455.
1223 1957 1272 2010 Ed.
1298 1979 1341 2031 ap.

289 2045 375 2098 Meus.
401 2046 470 2098 Vici.
489 2045 558 2096 Rob.
583 2043 675 2114 Steph.
703 2046 805 2096 Vocem
832 2042 912 2095 libere
939 2043 1055 2098 additam
1080 2043 1158 2098 habel
1186 2046 1265 2099 eiiam
1290 2045 1341 2100 Ed.

288 2133 348 2184 Par.
365 2151 386 2184 s.
406 2150 429 2184 a.
450 2133 582 2199 Aspirare
612 2129 691 2183 habet
708 2129 759 2183 Ed.
787 2130 872 2183 suffr.
891 2131 977 2195 Petsi3
1004 2132 1108 2200 spirare
1136 2131 1220 2185 Codd.
1250 2131 1340 2186 Guelf.

288 2231 315 2272 el
333 2217 405 2271 Gud.
424 2218 457 2271 Α.
493 2217 534 2271 Ne
553 2237 615 2271 vero
633 2218 678 2272 cui
696 2217 800 2290 placeat
826 2238 903 2272 error
919 2219 1131 2285 monachorum,
1158 2221 1204 2291 qui
1224 2222 1340 2292 scripse·

288 2319 351 2360 runt
369 2306 488 2380 certatim
507 2308 658 2375 suspirare,
687 2306 729 2377 pia
749 2306 862 2378 suspiria
885 2326 933 2359 sua
951 2305 1050 2361 scilicet
1077 2307 1324 2373 recordantium,
1316 2328 1338 2361 u

287 2403 392 2459 tenent,
410 2394 566 2464 suspirandi
584 2395 664 2448 verbo
682 2394 775 2448 locum
795 2393 839 2448 hic
856 2393 936 2467 plane
954 2414 1009 2448 esse
1027 2394 1148 2464 nullum,
1174 2408 1199 2450 el
1218 2397 1338 2450 conferat

288 2484 344 2538 Cic.
363 2503 413 2555 pro
431 2483 510 2538 Rosa.
529 2483 589 2536 Am.
608 2486 638 2536 8:
657 2493 690 2534 ut
708 2484 840 2552 respirare
857 2483 937 2535 libere
946 2504 998 2536 non
1012 2485 1101 2553 possit
1107 2506 1118 2545 ‚·
1136 2485 1169 2537 ad
1187 2484 1242 2538 Au.
1253 2485 1336 2548 11,242

288 2572 419 2640 respirare
435 2573 460 2623 si
479 2581 506 2621 te
523 2572 629 2637 uidem
648 2571 754 2624 Cluem.
772 2576 821 2625 w:
840 2573 971 2641 respirare
988 2590 1006 2622 a
1025 2585 1096 2624 metu
1111 2573 1212 2642 coeptu·
1232 2572 1336 2625 Famm.

286 2659 333 2725 Vl,
354 2664 384 2711 2:
402 2660 426 2711 si
442 2660 524 2711 armis
538 2660 637 2727 positis
654 2660 752 2711 civitas
771 2659 952 2728 respiraverit·
987 2658 1067 2711 Nihili
1086 2658 1164 2729 plene
1182 2670 1236 2723 est,
1263 2660 1336 2731 qnod

287 2766 316 2800 ex
334 2764 419 2817 marg.
437 2746 503 2799 cod.
522 2743 679 2800 Memmieni
698 2765 727 2799 ex
745 2766 801 2799 uno
821 2757 907 2799 vetere
935 2746 1027 2799 codice
1052 2746 1214 2816 adscriptum
1234 2747 1337 2816 profert

286 2833 443 2887 Lambinus:
462 2852 590 2904 superare
607 2853 660 2886 non
672 2846 798 2904 possunt.
842 2834 915 2888 idem
933 2833 1033 2886 ibidem
1059 2853 1088 2886 ex
1111 2833 1164 2886 alio
1189 2835 1335 2902 suspirare,

285 2941 315 2975 en
333 2922 386 2976 elio
403 2923 507 2992 spirare
525 2921 648 2975 enotavit.
689 2920 772 2991 Quod
791 2933 880 2975 autem
899 2922 992 2974 lumb·
1011 2921 1047 2974 ait
1064 2941 1091 2973 se
1106 2940 1163 2974 non
1181 2921 1335 2993 improbare

285 3012 403 3085 spirare,
428 3028 479 3063 nec
504 3020 592 3062 tamen
618 3009 710 3063 induci
738 3010 869 3081 potuisse,
895 3020 925 3062 ui
951 3009 1091 3063 damnaret
1114 3010 1261 3078 respirare,
1283 3007 1335 3062 hoc

285 3096 445 3151 recledecit.
493 3095 574 3166 Quod
597 3108 685 3150 autem
705 3098 837 3151 Lambino
856 3116 911 3149 non
931 3097 1064 3168 displicuit
1081 3098 1198 3166 spirare,
1225 3097 1253 3150 id
1272 3097 1334 3151 inde

282 3185 384 3240 lectum
403 3185 521 3240 existimo
537 3185 609 3256 quod
627 3185 818 3239 recordabalur
832 3185 925 3237 Lamb.
951 3183 1003 3238 loci
1031 3184 1081 3238 Or.
1107 3205 1157 3256 pro
1174 3185 1253 3239 Rosc.
1271 3185 1332 3238 Am.

284 3293 308 3328 c.
328 3277 375 3329 23:
395 3275 468 3347 quod
486 3292 518 3326 ne
536 3274 678 3342 spirare
697 3274 802 3343 quidem
820 3274 877 3324 sine
896 3283 968 3323 metu
983 3285 1109 3341 possunt.
1144 3272 1205 3327 ΜΓ.

355 3373 388 3414 ut
404 3363 515 3430 Furiae]
535 3360 612 3427 „cie
631 3379 682 3431 pro
700 3359 750 3413 Sex
768 3360 864 3414 Roscio
878 3360 1013 3427 [24‚67.]:
1033 3361 1124 3412 Nolite
1141 3362 1211 3412 enirn
1225 3369 1333 3429 putare,

284 3450 503 3525 quemadmodum
520 3449 549 3500 in
563 3447 672 3519 sabulis
684 3465 875 3518 saepenumero
887 3446 991 3509 videtis,
1010 3464 1060 3511 eos,
1080 3450 1128 3519 qui
1139 3448 1246 3520 aliquid
1255 3448 1333 3517 impie

283 3538 460 3608 scelerateque
478 3536 667 3601 commiserint,
692 3537 796 3608 agitari
813 3546 841 3588 et
857 3535 1001 3606 perterreri
1018 3536 1164 3588 Furiarum
1180 3534 1269 3587 taedis
1284 3553 1333 3587 ar·
1388 3605 1390 3611 Ι

223 3673 228 3678 .
284 3623 415 3676 dentibus.
451 3628 509 3677 Sua
527 3638 657 3696 quemque
668 3623 764 3695 fraus,
780 3634 808 3675 et
825 3642 894 3676 sicus
911 3634 998 3674 terror
1015 3622 1128 3674 maxime
1140 3631 1235 3674 vexate
1252 3640 1332 3674 suurn

283 3729 410 3783 quemque
428 3713 516 3767 scelus
534 3712 626 3781 agitat
644 3711 816 3782 amentiaque
832 3711 941 3780 afficit:
967 3728 1033 3762 suae
1051 3710 1138 3761 malae
1156 3711 1332 3781 cogitationes

284 3800 509 3870 conscientiaeque
526 3798 609 3849 animi
627 3807 738 3852 terrent.
763 3802 827 3848 Hae
838 3808 904 3850 sunt
913 3797 1002 3867 impiis
1020 3798 1147 3849 assiduae
1157 3798 1330 3850 domesticae·

283 3902 335 3956 que
355 3886 469 3949 Furiae,
493 3903 562 3957 quae
582 3885 637 3936 dies
655 3894 797 3956 noctesque
812 3895 958 3955 parentum
972 3902 1074 3954 poenas
1093 3903 1111 3935 a
1130 3884 1330 3936 consceleratis-

280 3973 355 4026 simis
362 3973 435 4042 filiis
452 3984 584 4042 repetant.
621 3973 681 4026 Vid.
693 3972 840 4046 Adagium:
861 3974 1027 4027 Conscientia
1038 3972 1109 4024 mille
1121 3980 1203 4023 testes
1215 3969 1330 4038 [Emsmi

281 4060 691 4132 Adagg.Ed.weehsl.15m.
714 4061 787 4114 fim.
809 4082 835 4132 p·
851 4062 1062 4127 1279-1284.]
1106 4058 1207 4112 Alludil
1233 4057 1330 4112 Cicero

281 4149 314 4201 ad
333 4147 435 4202 Orestis
453 4148 586 4216 fabulam,
617 4167 697 4221 quem
717 4149 823 4220 lingunt
840 4158 933 4218 poelae
952 4165 1065 4201 occursu
1083 4146 1214 4201 turiurum
1241 4148 1330 4217 exegi·

281 4237 357 4289 tari.⁴‘
375 4236 444 4290 Ald.
463 4237 550 4290 Man.
596 4236 685 4290 Liceat
703 4247 791 4289 aulem
810 4235 835 4287 5.
855 4234 872 4286 Ι.
889 4236 969 4288 verbo
988 4254 1099 4288 monere
1117 4235 1150 4289 de
1169 4236 1235 4288 mira
1254 4233 1329 4286 simi·
