3059 4925
296 449 368 524 108
624 473 795 523 rinnooxr
822 475 1015 523 erorconuu.

291 651 359 705 quae
378 632 522 686 deformis
546 634 586 685 nil
613 644 639 686 et
664 644 723 698 sat,
749 630 874 687 Ciceroni
900 654 956 688 non
975 635 1089 699 usitatio,
1114 634 1230 706 disputat
1248 634 1283 687 Ο.
1302 635 1340 688 Μ.

289 721 396 774 Miiller.
415 722 442 774 in
460 719 538 774 Curis
555 721 678 775 secundis
696 721 728 776 ad
748 719 806 774 Cic.
825 720 875 775 Or.
887 741 937 793 pro
955 721 1041 776 Sestio
1058 719 1188 790 (Coeslin.
1202 724 1281 776 teet.
1300 724 1340 791 8.)

290 829 316 879 p.
333 813 368 864 id
382 829 426 881 aq.
443 838 477 849 -
513 808 591 861 Unus
609 809 688 862 Drad.
706 813 733 863 4.
752 807 830 861 habet
848 828 913 860 non
932 820 988 861 eat
1006 819 1055 862 est.
1092 808 1150 861 ΜΓ.

360 908 386 949 et
405 898 436 948 id
451 899 538 967 ipsum
556 916 589 949 ne
606 916 659 949 nou
676 896 726 963 eit]
746 894 855 967 „Vulgo
870 906 930 965 poet
940 897 1027 964 ipsum
1042 895 1149 950 additur
1159 896 1231 966 quod
1246 896 1336 960 liabeo,

289 1005 358 1057 quae
377 986 455 1039 verba
475 985 604 1039 abeunte
623 984 716 1036 decern
733 985 858 1037 nostris.“
879 983 951 1055 Ald.
969 983 1055 1036 Man.
1089 982 1154 1050 „Sic
1171 982 1241 1051 (eine
1266 983 1338 1053 quod

288 1072 381 1137 habes)
399 1071 456 1125 Pal.
473 1091 524 1126 sec.
541 1070 680 1124 Pithoeen.
699 1089 749 1124 nec
770 1090 825 1123 non
843 1071 901 1123 Pal.
920 1082 979 1124 tert.
992 1070 1090 1141 aliique
1103 1070 1182 1124 MSS.
1199 1071 1249 1123 nisi
1263 1071 1337 1142 quod
1428 1145 1431 1148 Δ

289 1158 410 1230 plerique
434 1159 515 1212 verbo
540 1159 685 1212 auctiores:
710 1157 871 1211 diuturnum
891 1159 1062 1228 futurum
1089 1161 1173 1211 times.
1215 1159 1283 1212 Edd.
1309 1170 1337 1210 et

288 1247 318 1296 id
334 1249 422 1315 iprum
441 1247 533 1318 quod
549 1244 668 1313 liabeo,
695 1264 727 1296 ne
744 1263 798 1296 non
815 1245 852 1295 eit
871 1246 1030 1296 diuturnum
1042 1246 1210 1314 futurum
1234 1248 1336 1298 timee.“

289 1334 386 1388 Grut.
421 1333 527 1387 Habent
539 1335 653 1405 glossam
672 1333 745 1405 quod
760 1330 842 1383 tabes
860 1351 890 1383 ex
906 1330 956 1383 Or·
968 1331 1042 1406 libris
1062 1331 1128 1384 Cod.
1143 1332 1203 1385 Bae.
1213 1332 1263 1385 Ed.
1277 1351 1335 1402 prc.

288 1426 367 1477 14⁶5.
386 1421 436 1474 Ed.
450 1441 493 1492 ap.
511 1421 596 1474 Meus.
615 1423 686 1473 Crat.
705 1417 947 1491 Magantlttanut,
965 1438 995 1471 er
1014 1420 1109 1472 nostris
1127 1417 1221 1472 Grai.
1240 1418 1291 1472 Οι.
1301 1418 1334 1471 U.

287 1507 394 1567 Suerin.
411 1508 480 1561 Edd.
499 1519 560 1562 ante
578 1507 657 1561 Grut.
676 1526 784 1573 omnes,
803 1524 873 1576 quae
897 1506 961 1559 item
979 1505 1078 1560 habent
1095 1507 1243 1578 futurum,
1262 1505 1335 1576 quod

287 1616 342 1649 non
362 1597 460 1650 habent
484 1596 578 1649 Lami).
602 1594 686 1648 Suffr.
713 1595 787 1647 Petr.
808 1591 904 1646 Colon.
924 1592 1002 1646 Grut.
1027 1605 1131 1666 etpost
1159 1613 1220 1646 eum
1243 1610 1338 1644 omues

286 1696 348 1738 ente
367 1682 557 1751 Orell.,'cum
575 1702 630 1756 quo
649 1702 707 1736 eam
725 1700 832 1748 rocem,
859 1700 927 1753 quae
946 1682 1060 1752 glossam
1078 1703 1134 1735 non
1154 1681 1272 1745 redolet,
1291 1700 1336 1733 re·
1422 1689 1425 1693 '

288 1772 428 1825 stituimue.
471 1770 576 1824 liabent
600 1782 689 1825 autem
702 1773 837 1841 futurum
864 1781 968 1840 praeter
987 1769 1053 1822 Edd.
1077 1790 1143 1841 quas
1162 1771 1334 1833 laudavimus,

287 1857 371 1911 Codd.
390 1858 470 1922 Oen,
490 1869 598 1929 excepto
616 1858 664 1926 N.,
685 1857 742 1910 Cn.
757 1863 783 1911 1.
801 1861 828 1912 8.
847 1858 926 1918 Drsd.
946 1860 972 1910 1.
992 1862 1016 1908 2.
1035 1860 1060 1910 3.
1079 1861 1104 1910 5.
1140 1856 1246 1910 Suerin.
1264 1856 1337 1909 Gud.

286 1949 319 1999 A.
338 1947 368 1999 Β.
386 1946 481 2000 Duisb.
530 1945 584 1998 Sed
608 1965 660 1998 uon
679 1946 806 1998 omissum
832 1944 916 1994 estin
934 1942 993 1995 Cra.
1011 1948 1036 1995 1.
1061 1942 1132 1995 Gud.
1151 1950 1184 1996 A.
1211 1944 1290 1996 Dred.
1311 1948 1336 1996 t.

287 2039 312 2086 2.
331 2037 355 2087 3.
372 2032 437 2086 Oxi.
455 2032 486 2084 E.
504 2032 539 2085 U.
557 2052 583 2101 η.
626 2032 681 2083 Pro
708 2050 740 2081 ne
758 2049 811 2081 non
829 2028 928 2082 habent
946 2040 977 2079 ut
996 2029 1076 2082 Drad.
1094 2035 1121 2084 4.
1150 2030 1218 2082 Edd.
1238 2030 1336 2084 Lamb.

286 2120 383 2173 Golon.
419 2119 500 2171 Abest
514 2118 557 2181 id,
575 2127 636 2170 ante
654 2118 754 2186 ipsum,
779 2118 808 2170 in
828 2116 895 2170 cod.
915 2116 986 2171 Gud.
1005 2118 1037 2170 Α.
1074 2118 1105 2169 ln
1124 2117 1204 2171 Drsd.
1225 2122 1249 2171 5.
1267 2117 1337 2187 legi-

286 2219 331 2261 tur
347 2206 378 2255 iel
393 2206 481 2274 ipsum
500 2206 631 2276 quidem
649 2207 705 2258 liis
724 2225 756 2258 ne
773 2225 842 2267 n0n5
861 2207 889 2258 in
900 2204 972 2258 Gud.
984 2206 1017 2259 Α.
1037 2206 1170 2260 diurnum.
1188 2206 1335 2261 Ed.Susir.

287 2295 359 2347 Petr.
378 2304 410 2344 ut
428 2312 481 2344 non
498 2293 536 2345 eit
553 2293 720 2347 diuturnam.
755 2294 814 2346 ΜΓ.

356 2382 498 2451 idipsum]
535 2381 567 2434 ln
585 2381 659 2434 libris
676 2381 786 2451 vulgatis
804 2380 855 2451 leg.
874 2383 904 2431 id
922 2383 1010 2450 ipsum
1028 2382 1101 2453 quod
1118 2380 1213 2444 habeo,
1232 2400 1263 2431 ne
1281 2398 1334 2431 non

274 2459 444 2522 *diuturnum
455 2471 493 2522 ait
506 2470 647 2540 futurum.
667 2469 775 2524 Scilicet
785 2491 801 2525 a
812 2471 900 2525 sciolis
912 2469 1052 2542 explanare
1066 2469 1220 2522 volentibus.
1237 2469 1259 2520 F
1266 2487 1333 2521 acc.

354 2570 382 2610 te
407 2560 593 2625 conscientiae]
626 2562 681 2623 „Te
706 2559 883 2610 conscientiae
907 2568 1009 2622 tuae,
1033 2560 1112 2610 tres.“
1148 2555 1222 2609 Ald.
1237 2554 1332 2609 Man.
1396 2604 1401 2608 .

285 2646 373 2714 „Cum
386 2647 504 2700 efficacia
523 2646 634 2717 ponitur
650 2645 765 2708 Pluralis
781 2647 971 2702 conscientiae,
995 2645 1056 2716 quia
1075 2644 1154 2696 habet
1177 2643 1333 2696 adiunctum

285 2735 423 2807 pluralem,
443 2734 658 2801 maleficiorum.“
671 2735 778 2804 Wytt.
815 2733 857 2786 De
866 2733 1018 2786 Pluralibus
1030 2732 1171 2783 nominum
1186 2732 1334 2783 abstracto·

284 2841 346 2875 rurn
363 2822 413 2875 vid.
431 2819 462 2874 C.
474 2819 511 2873 GJ
524 2820 641 2873 lacob.
660 2820 763 2873 Prolue.
779 2822 898 2873 Portens.
920 2824 1003 2875 1841:
1023 2823 1064 2874 De
1075 2822 1131 2873 Usu
1150 2819 1255 2872 numeri
1271 2818 1333 2888 plu-

285 2908 347 2961 ralis
364 2908 434 2979 apud
455 2908 552 2959 Poetae
568 2907 683 2960 Latinos.
701 2927 728 2978 p.
748 2910 857 2961 7-18.
901 2906 946 2961 Sic
973 2908 1064 2977 plane,
1097 2917 1126 2959 ut
1151 2916 1242 2958 nostro
1260 2905 1331 2972 loco,

284 2998 389 3051 locutus
407 3007 445 3050 est
463 2995 519 3050 Cic.
539 3014 589 3067 pro
607 2994 683 3049 Rosa.
701 2995 762 3048 Am.
783 3000 826 3061 24,
846 2998 894 3049 tt:
918 3014 998 3047 suum
1016 3012 1144 3065 quemque
1163 2992 1250 3044 scelus
1270 2994 1333 3063 agi-

284 3096 396 3138 tat-e:
426 3103 494 3137 cuae
524 3083 611 3134 mulae
642 3084 818 3153 cogitationes
846 3082 1148 3151 conscientiaeque
1184 3089 1331 3131 terrent.

284 3171 419 3244 Singulari
444 3189 558 3223 numero
585 3169 648 3222 dixit
671 3170 741 3224 Phil.
758 3171 792 3237 V,
812 3174 836 3235 6,
857 3173 905 3222 15:
935 3169 1063 3220 scelerum
1087 3169 1246 3239 magnitudo
1269 3188 1333 3219 con-

284 3260 397 3312 scientia
415 3259 605 3327 maleficiorum
625 3286 668 3307 -.
704 3257 762 3310 Mr.

354 3355 381 3397 te
400 3347 573 3398 conscientiae
592 3346 733 3397 stimulant
748 3346 794 3411 -—]
815 3346 949 3408 „Auctore
968 3345 1099 3398 Cicerone
1118 3347 1145 3398 in
1165 3345 1195 3398 L.
1204 3346 1330 3398 Pisonem

285 3435 340 3501 [18,
358 3435 431 3501 48.],
450 3434 609 3502 cupplicium
632 3444 688 3499 est,
714 3433 786 3503 quod
808 3434 926 3483 accidere
951 3434 1048 3483 nentini
1071 3445 1178 3502 potest,
1204 3434 1259 3484 nisi
1283 3452 1331 3484 uo-

284 3521 369 3572 centi:
386 3529 512 3588 suscepta
523 3521 625 3591 freae,
644 3521 772 3590 impedita
786 3531 813 3571 et
831 3538 957 3589 oppressa
975 3541 1047 3574 mene
1065 3523 1232 3585 conscientia,
1252 3521 1333 3573 bono-

284 3625 343 3657 rum
361 3608 475 3658 omnium
493 3607 596 3664 odium,
614 3617 680 3659 nota
697 3609 773 3659 iusta
792 3618 918 3672 senatun,
936 3609 1044 3661 amieria
1062 3610 1214 3680 dignitatis.
1257 3608 1331 3662 ldem

285 3693 374 3761 paullo
394 3705 452 3764 poet
470 3696 526 3762 [2⁰,
543 3696 604 3762 ttJ:
627 3695 718 3747 Nolite
735 3696 804 3745 enim
819 3704 931 3762 putare,
948 3698 982 3752 Ρ.
1002 3698 1044 3760 C„
1066 3706 1097 3747 ut
1114 3697 1143 3747 in
1160 3713 1240 3747 scena
1256 3696 1331 3747 vide·

284 3781 335 3843 tie,
353 3781 469 3833 hominen
487 3780 677 3832 canoceleratoa
696 3783 813 3853 impulsu
833 3783 940 3834 deorum
966 3785 1060 3835 terreri
1078 3784 1224 3834 Furiarum
1242 3783 1331 3835 taedis

285 3865 449 3921 ardentibus.
485 3869 544 3918 Sua
568 3885 695 3940 quemque
707 3869 802 3940 fraus,
821 3889 901 3922 ouum
912 3871 1036 3941 facinus,
1053 3890 1133 3924 euum
1150 3871 1252 3931 ecelua,
1277 3888 1331 3921 oua

285 3954 402 4007 audacia
420 3954 451 4005 de
469 3955 589 4007 sanitate
607 3974 640 4007 ae
663 3968 749 4011 mente
772 3958 908 4012 deturbat.
953 3962 1015 4010 Hae
1033 3970 1098 4011 eunt
1123 3958 1263 4026 impiorum
1276 3957 1331 4025 su-

219 4065 221 4070 ·
284 4045 356 4110 riae,
374 4044 424 4111 liae
435 4044 579 4112 flammae,
598 4045 648 4095 liae
661 4044 751 4117 faces.
789 4045 973 4100 Conscientiae
991 4044 1112 4098 stimulus
1132 4054 1262 4114 quantum
1281 4043 1333 4095 ho-

286 4131 383 4183 minem
403 4131 537 4201 quieecere
556 4151 610 4185 non
630 4131 712 4198 sinat,
741 4144 872 4204 quantum
901 4133 956 4186 eius
975 4144 1091 4186 mentem
1111 4142 1198 4198 vexet,
1222 4131 1333 4185 Macro-

286 4217 345 4271 bius
363 4238 411 4289 per
436 4218 552 4272 fabulam
573 4238 630 4271 eam
650 4219 682 4273 de
700 4220 780 4292 Tityo
798 4221 921 4293 gigante,
947 4241 1016 4294 quae
1042 4233 1080 4276 est
1099 4222 1169 4294 apud
1190 4220 1332 4292 Virgilium
