3059 4925
289 457 359 531 122
618 481 789 528 rentooxa
816 479 1009 527 stoiconuu.

199 664 206 668 ·
283 643 421 714 pristinam
441 641 582 694 lectionem
601 638 818 709 aliquantulum,
845 639 917 710 quod
941 640 1005 693 lecit
1030 639 1091 692 item
1119 640 1168 693 Or.
1194 652 1253 712 post
1269 642 1335 694 Ern.

284 729 365 783 Goer.
385 741 410 783 et
428 727 588 782 Schiitzium.
626 725 738 778 Confert
756 725 788 779 B.
807 725 876 797 Epp.
895 727 928 780 ad
944 728 1102 794 Famm.Vl,
1121 733 1153 781 4:
1171 730 1266 798 Opinio
1286 732 1333 781 lra-

284 821 382 869 minunr
401 816 590 883 confirmatur,
609 815 716 866 etiarnsi
733 814 743 863 i
750 824 831 865 nter
854 833 986 866 causas
1013 834 1146 868 armorum
1169 818 1204 869 al
1210 820 1220 868 i
1227 837 1333 889 quan—

283 903 495 966 tumintersb,
523 912 612 953 tamen
630 902 725 952 inter
744 901 924 953 victorias
943 922 995 953 non
1016 903 1162 954 multum
1179 904 1332 974 interfutu-

282 1012 355 1044 rum:
374 990 513 1060 additque:
534 989 584 1054 „ln
603 987 663 1040 ioco
681 987 789 1041 tulerim
809 987 1027 1058 aliquantulum:
1054 1001 1174 1043 nostrum
1201 1010 1262 1042 vero
1280 990 1332 1041 Pa·

281 1077 451 1131 radoxonab
470 1077 544 1128 omni
563 1076 622 1129 ioco
641 1073 798 1140 abhorrens,
817 1094 859 1127 res
878 1075 1038 1147 requirebat,
1058 1096 1125 1147 quae
1146 1097 1207 1130 cum
1227 1088 1331 1141 natura,

283 1177 338 1219 tum
358 1165 497 1232 bominum
512 1164 611 1217 iudicio
631 1157 713 1235 quani
728 1162 882 1233 longissime
900 1164 970 1216 inter
982 1184 1009 1216 se
1023 1165 1157 1217 distarent.
1195 1166 1332 1236 Aliquan-

281 1265 338 1306 tum
357 1237 501 1323 respondet
519 1251 640 1323 sequenti
659 1249 733 1315 nibil,
753 1261 781 1303 ut
800 1251 833 1302 de
851 1250 986 1314 tinntv,
998 1256 1040 1304 27.
1059 1251 1085 1303 in
1104 1251 1197 1304 eodem
1211 1249 1331 1321 exemplo

262 1328 420 1395 ‘soritium
440 1340 520 1391 Etsi
539 1340 567 1390 in
584 1339 645 1407 ipsa
662 1338 857 1409 gubernatione
881 1338 1046 1408 negligentia
1069 1349 1110 1389 est
1129 1339 1207 1389 navis
1230 1357 1330 1400 eversa,

282 1429 393 1480 ninius
420 1438 464 1479 est
487 1436 627 1494 peccatum
657 1427 685 1477 in
704 1443 786 1489 auro,
819 1441 901 1497 quam
927 1426 955 1475 in
981 1425 1070 1493 palea.
1108 1424 1148 1477 De
1168 1425 1278 1477 navibus
1297 1426 1330 1476 ab
1423 1477 1429 1484 ,

281 1517 343 1588 ipsis
362 1516 449 1581 rebus,
470 1533 535 1586 quas
553 1512 682 1566 vehebant
696 1513 851 1576 nominatis,
875 1513 925 1565 vid.
944 1512 975 1564 Α.
995 1512 1135 1566 Senltlebii
1155 1513 1229 1583 Argo
1248 1512 1332 1582 (lips.

282 1607 361 1658 tota.
381 1603 420 1671 8.)
440 1623 466 1674 p.
485 1604 613 1655 att-85.
632 1602 678 1654 ubi
698 1601 731 1653 de
751 1601 810 1654 nari
830 1600 944 1671 palearia
964 1619 989 1670 p.
1010 1604 1052 1652 84.
1089 1598 1148 1651 Mr.

352 1692 380 1742 in
397 1689 586 1762 gubernatoris
604 1689 714 1740 inscitia
727 1688 798 1740 nibil
814 1689 938 1755 interest]
958 1687 1098 1750 „Inscitia,
1117 1686 1209 1739 decem
1224 1698 1333 1757 septem.

282 1780 359 1833 Unus
377 1780 479 1838 inscia,-
498 1774 654 1829 Lambinus:
673 1775 845 1827 inscientia.“
865 1773 936 1830 Atd.
956 1773 1084 1827 Manut.

281 1915 289 1922 ,
354 1867 383 1918 in
400 1864 590 1937 gubernatoris
608 1863 762 1930 inscientia]
807 1862 887 1928 „Non
907 1862 999 1914 debuit
1028 1880 1069 1912 me
1096 1862 1194 1912 morari
1222 1862 1255 1912 ab
1282 1860 1334 1912 boc

283 1952 446 2007 restituendo
466 1950 579 2004 aliorum
599 1949 722 2015 tarditas,
751 1967 836 2018 quum
855 1947 1019 2001 adverterem
1038 1950 1076 2001 sic
1094 1948 1205 2012 edidisse
1223 1947 1333 1999 Lambi-

284 2060 365 2104 num,
394 2049 420 2091 et
439 2056 522 2109 quum
542 2036 619 2087 buius
644 2045 797 2088 contentum
816 2034 966 2089 adbibuerit
990 2045 1065 2106 pater
1091 2036 1118 2089 in
1146 2035 1333 2106 comparandis

284 2126 446 2179 membranis
463 2122 582 2193 nihilque
600 2122 633 2174 ad
659 2121 729 2174 hanc
754 2140 846 2174 rocem
871 2133 1029 2175 annotatum
1055 2126 1101 2189 sit,
1127 2122 1282 2192 colligerem
1304 2122 1331 2173 in

282 2211 333 2264 illis
351 2210 471 2264 similiter
495 2209 593 2263 lectum
613 2207 705 2274 fuisse,
731 2227 816 2279 quum
842 2209 939 2281 vulgati
964 2211 1081 2265 inscitia.
1129 2211 1215 2264 Etiam
1245 2229 1331 2261 mem-

284 2301 382 2352 branae
401 2298 480 2367 lapsa
498 2310 538 2350 est
556 2298 642 2367 ipsius
655 2297 933 2353 libidastGronov.
978 2300 1007 2351 ln
1020 2297 1091 2351 Gud.
1102 2297 1132 2351 Β.
1149 2297 1329 2350 desuntverba

282 2385 458 2458 gubernator,
477 2404 513 2437 an
529 2385 642 2458 paleae,
661 2385 689 2436 in
708 2404 735 2435 ra
754 2386 970 2457 aliquantulum,
999 2389 1039 2449 in,
1064 2384 1144 2439 oculo
1170 2386 1271 2439 scribae
1297 2386 1330 2437 ad

283 2473 442 2527 vocabulum
461 2475 601 2544 repetitum
622 2473 771 2527 aberrante.
817 2472 924 2528 Suerin.
944 2474 1022 2528 babet
1045 2475 1232 2544 gubernatoris
1251 2475 1331 2524 insci-

284 2564 339 2624 tia,
358 2562 455 2615 omisso
473 2563 515 2625 in,
534 2573 564 2614 ut
582 2562 611 2614 in
628 2561 709 2616 Drsd.
730 2565 762 2626 1;
782 2561 862 2615 Drsd.
880 2565 905 2616 3.
925 2562 1003 2615 babet
1021 2564 1180 2615 inscientia
1197 2563 1333 2633 guberna-

284 2650 364 2713 toris,
384 2648 441 2701 Cra.
459 2653 483 2701 2.
502 2650 530 2699 in
545 2649 687 2700 inscientia
704 2647 784 2720 gub..
803 2648 874 2703 Gud.
895 2650 927 2702 Α.
947 2652 976 2701 in
994 2650 1102 2701 inscitia
1119 2649 1182 2719 gub.
1219 2649 1265 2702 Est
1283 2670 1331 2702 eu-

200 2766 204 2774 .
285 2747 337 2787 tem
356 2736 465 2787 inscitia
490 2737 518 2787 in
545 2734 610 2788 Oxi.
629 2738 770 2803 omnibus,
803 2738 863 2790 llas.
893 2737 973 2790 Bern.
996 2736 1085 2789 Guell.
1107 2736 1200 2788 Duisb.
1229 2734 1286 2787 Cra.
1306 2741 1331 2788 l.

284 2822 362 2876 Drsd.
382 2824 407 2875 2.
423 2827 449 2876 4.
468 2827 493 2876 5.
512 2822 630 2896 itemque
651 2824 717 2877 Edd.
738 2845 794 2895 pre.
813 2826 862 2877 Ed.
891 2847 933 2898 ap.
953 2826 1037 2878 llleus.
1064 2824 1135 2877 Crat.
1161 2824 1231 2875 Vict.
1260 2822 1335 2875 llllan.

283 2909 374 2980 Magn.
393 2909 459 2962 llub.
478 2910 580 2964 Gernb.
600 2910 687 2966 Nobb.
707 2925 733 2967 ct
751 2925 810 2967 vett.
826 2915 922 2967 nostris
936 2915 1068 2979 omnibus,
1089 2913 1137 2965 nisi
1154 2913 1226 2983 quod
1242 2913 1334 2966 Lamb.

283 2996 379 3050 Colon.
398 3016 460 3050 cum
478 2997 518 3050 his
535 2997 620 3051 Gron.
645 2999 816 3053 Oliv.‘Verb.
844 3001 908 3055 Ern.
933 3001 1074 3053 ediderunt
1097 2982 1249 3053 inscientia.
1292 3000 1333 3052 Ad

284 3085 469 3156 distinguenda
500 3085 564 3140 haec
590 3087 716 3140 vocabula
745 3088 848 3158 scripsit
879 3106 1017 3141 excursum
1043 3085 1232 3151 Gernbardus,
1261 3087 1335 3138 cuius

284 3191 387 3226 summa
405 3173 457 3228 huc
476 3175 558 3240 redit,
587 3186 615 3229 ut
634 3177 745 3229 inscitia
767 3177 800 3230 sit
819 3178 940 3231 delectus
965 3188 990 3229 et
1007 3176 1132 3229 scientiae
1151 3186 1176 3227 et
1195 3174 1334 3240 facultatis,

285 3261 322 3314 vel
342 3262 472 3333 imperitia
492 3283 554 3316 cum
574 3265 730 3318 temeritate.
765 3264 823 3317 lam
843 3286 905 3318 vero
924 3265 975 3317 vid.
989 3265 1086 3334 Reisig.
1098 3262 1203 3315 Vorles.
1223 3261 1334 3314 iibbat.

284 3350 504 3422 Spracbwiss.p.
522 3356 574 3405 ll'l
593 3370 649 3424 sq.‚
678 3354 725 3424 qui
750 3355 902 3407 accuratius
925 3353 1063 3423 distinguit
1089 3351 1238 3413 inscitiam,
1265 3367 1334 3419 quae

286 3452 323 3493 est
341 3438 455 3491 bominis
473 3439 576 3504 insciti,
607 3441 639 3491 ab
657 3440 805 3508 inscientia,
827 3461 895 3514 quae
915 3454 951 3493 est
971 3440 1098 3501 bominis,
1119 3440 1163 3509 qui
1184 3437 1265 3490 nescit
1284 3434 1335 3487 ali-

285 3526 357 3597 quid.
396 3525 464 3578 aad.
479 3524 648 3581 Sebrnalleld.
671 3527 726 3582 Lat.
745 3528 894 3601 Synoymil
914 3530 945 3582 N.
966 3532 1026 3583 199.
1046 3526 1163 3581 Schultz.
1186 3527 1241 3580 Lat.
1260 3524 1332 3595 Syn-

286 3612 396 3684 onymilr
414 3614 446 3666 N.
467 3616 527 3668 1982
562 3615 619 3667 Mt.

354 3706 447 3770 Lapsa
466 3715 506 3753 est
526 3700 607 3753 libido
623 3704 652 3753 in
665 3704 774 3756 muliere
786 3707 907 3777 ignotas]
927 3703 991 3769 „sic
1002 3702 1224 3774 quattuordecim.
1243 3699 1334 3752 Unus:

285 3788 363 3856 lapsa
381 3798 422 3839 est
436 3789 509 3839 eius
528 3787 617 3842 libido.
653 3788 744 3843 Unus:
763 3793 842 3862 lapsa
853 3802 894 3843 est
913 3792 1015 3843 illius
1034 3792 1124 3844 libido.
1160 3789 1235 3841 Duo:
1255 3789 1334 3855 lapsa

285 3884 324 3924 ast
345 3872 462 3940 ipsius
489 3873 597 3929 libido.“
616 3875 688 3930 Ata.
706 3877 791 3930 llllan.
838 3877 907 3931 Cod.
934 3878 985 3933 Οι.
1005 3898 1029 3933 o.
1058 3878 1207 3943 interlapsa
1226 3884 1284 3934 est‚·
1304 3892 1333 3934 ψ.

285 3960 363 4030 lapsa
381 3971 422 4010 ast
441 3961 557 4028 ipsius
575 3963 621 4017 lib.
651 3968 710 4018 Cra.
729 3971 753 4018 2.
780 3969 808 4017 in
826 3970 919 4037 ignoto
952 3968 1068 4018 muliere.
1114 3963 1164 4015 Or.
1185 3984 1209 4030 η.
1229 3963 1334 4016 innota.

284 4046 467 4118 luterponitur
493 4049 578 4117 ipsius
610 4053 688 4106 etiam
711 4055 739 4107 in
767 4053 861 4106 'coda
880 4053 952 4107 Gud.
971 4054 1001 4106 Β.
1027 4065 1052 4106 et
1079 4051 1187 4115 Duisb.,
1217 4067 1334 4120 quorum

285 4136 417 4206 posterior
434 4135 544 4189 alteram
564 4138 641 4193 etiam
661 4140 739 4195 babet
757 4142 872 4211 glossam
897 4144 925 4192 in
951 4142 1077 4212 aliqua
1098 4139 1207 4190 muliere
1231 4136 1334 4208 ignota.

285 4222 337 4276 Sed
358 4241 413 4278 non
441 4224 469 4278 in
489 4223 574 4279 Codd.
602 4237 705 4280 tanturn
737 4227 837 4298 glossae
867 4240 941 4296 sunt,
974 4228 1018 4283 sed
1046 4228 1144 4281 babent
1172 4225 1249 4278 etiam
1268 4221 1334 4275 illud
