3059 4925
369 423 606 478 ruotucottmtt
633 424 674 469 AB
703 423 872 472 CICERONIS
893 423 1078 472 rantum.
1160 426 1243 471 XXX!

194 586 282 640 rando
300 584 430 639 illusionis
456 585 507 638 rim
535 584 643 650 tollere,
671 586 826 654 praesertim
864 604 948 657 quum
977 604 1007 638 ex
1031 584 1082 638 isto
1107 584 1181 638 sonte
1209 585 1243 638 ad

194 675 289 727 iustam
314 673 471 727 facinorum·
491 672 690 744 castigationem
715 692 750 726 ne
768 692 836 744 opus
863 660 971 745 quidem
998 683 1065 725 esset
1087 682 1242 743 argumenta

195 762 310 815 haurire.
345 760 451 814 Notavit
467 758 563 814 Cicero
583 758 643 812 vitia
662 758 803 826 hminum
822 759 907 831 qualis
925 758 1109 825 luitClodius,
1126 757 1243 823 Crassus,

195 849 334 904 Lucullus:
352 848 438 920 quisi
457 846 557 900 mortui
575 856 666 912 erant,
697 845 726 898 in
745 846 875 899 eiusmodi
900 847 1045 918 scriptione
1064 846 1152 912 notari
1169 857 1246 917 pote·

195 947 256 991 rant
266 937 371 989 minore
383 954 447 989 cum
456 934 560 1000 insidia,
580 944 605 986 et
615 944 706 987 tamen
716 934 877 1005 gravissime.
913 931 971 1000 „lta
989 934 1038 999 (sic
1049 932 1151 986 Geruli.
1160 933 1246 988 intro·
1278 969 1282 972 »

195 1023 342 1090 ,ductione
352 1021 479 1092 extrema)
492 1019 692 1092 quodammodo
704 1020 756 1073 dici
771 1020 865 1075 dehac
877 1022 1000 1074 vitiorum
1012 1021 1248 1092 vituperandorum

197 1111 333 1177 „ratione,
353 1129 423 1182 quae
442 1109 471 1161 in
487 1107 633 1161 Paradoxis
652 1106 874 1178 deprehenditur,
898 1107 963 1161 illud
984 1119 1084 1179 potest,
1102 1108 1175 1180 quod
1193 1108 1249 1180 ipse

196 1197 309 1262 „Cicero
328 1196 361 1249 de
380 1207 502 1267 tempore
519 1212 675 1247 sermonum
694 1193 727 1246 de
745 1193 857 1248 Finibus
875 1195 967 1248 scribit
985 1196 1018 1248 ad
1037 1182 1248 1261 Atticumssllll,

196 1287 291 1351 „1!l.),
311 1302 360 1337 cur
377 1285 413 1336 ita
431 1282 578 1337 coniecerit
596 1282 718 1353 quinque
736 1280 819 1335 libros
837 1287 896 1352 :rapt
914 1284 1004 1348 τελῶν,
1023 1293 1053 1337 ut
1069 1283 1201 1355 Epicurea
1220 1284 1249 1336 L.

196 1372 370 1442 „Torquato,
388 1370 478 1425 Stoica
497 1369 536 1423 M.
554 1367 667 1434 Catoni,
687 1365 878 1439 arpanorqrssd
896 1368 935 1420 Μ.
953 1368 1045 1422 Pisoni
1064 1369 1151 1422 daret:
1172 1368 1247 1439 α’ζη-

196 1459 432 1527 „lorriuqros,
449 1457 553 1528 inquit,
576 1457 607 1507 id
617 1456 683 1528 fore
700 1455 848 1526 putabam,
877 1457 950 1529 quod
966 1475 1053 1509 omnes
1070 1458 1112 1507 illi
1131 1458 1246 1510 decesse-

197 1550 307 1612 „ront.“
350 1544 451 1597 Eodem
477 1545 547 1610 lere,
583 1563 637 1615 quo
671 1543 918 1610 Gernbardus,
941 1556 1063 1617 tempore
1087 1543 1249 1617 Morgen-

197 1631 353 1685 sternius
370 1632 473 1704 scripsit
490 1651 536 1684 sua
556 1630 583 1683 in
603 1630 660 1683 Cic.
677 1630 816 1683 Paradoxa
834 1631 1040 1703 prolegomena.
1085 1634 1110 1685 ls
1129 1633 1167 1686 sir
1190 1633 1245 1704 pri·

198 1737 272 1770 mum
290 1738 318 1772 se
335 1720 368 1772 ab
386 1719 418 1772 Η.
435 1718 539 1773 Wolfio
556 1715 696 1770 dissentire
712 1717 763 1782 ait,
784 1717 829 1789 qui
849 1717 984 1771 Paradene
1003 1718 1100 1790 scripta
1116 1720 1248 1773 existima·

197 1807 241 1860 bat
258 1807 413 1870 dominante
432 1806 560 1871 Caesare,
591 1817 650 1877 post
672 1805 783 1858 Catonis
805 1805 956 1873 interitum,
982 1806 1110 1859 nimirum
1130 1818 1158 1859 ut
1176 1806 1247 1860 Bru-

197 1905 261 1959 tum,
281 1905 425 1950 :nonstrata
445 1894 588 1947 honestatis
604 1902 630 1946 et
649 1891 751 1945 virtutis
769 1892 931 1959 excellentia,
950 1893 982 1947 ad
1003 1893 1111 1947 caedem
1130 1893 1250 1950 Caesaris

197 1983 326 2034 animaret
349 1994 433 2054 atque
459 1992 584 2035 armaret.
627 1980 765 2051 Scriptum
792 1999 848 2033 esse
872 1981 992 2034 libellum
1017 1982 1074 2035 vivo
1099 1980 1202 2035 Catone
1220 2002 1250 2035 ex

197 2069 340 2122 Prooemio
358 2088 421 2123 cum
440 2069 573 2140 plerisque
592 2067 650 2121 aliis
667 2078 772 2121 certum
788 2087 843 2121 esse
863 2069 1014 2122 contendit:
1042 2088 1094 2123 nec
1112 2088 1174 2122 sero
1186 2123 1189 2129 ,
1201 2088 1250 2122 ne·

198 2174 267 2210 cesse
286 2156 321 2209 ait
348 2175 418 2223 esse,
444 2166 474 2209 ut
502 2155 646 2208 secundum
668 2151 828 2206 Paradoxon
847 2173 909 2208 cum
939 2155 1064 2210 Schiitzio
1095 2158 1124 2209 in
1147 2176 1267 2212 annum,

197 2249 257 2300 6⁹7.
286 2244 450 2309 reiioiamus,
483 2242 511 2295 in
535 2261 615 2313 quem
636 2239 774 2295 Scbiitaius
793 2241 863 2295 dicat
881 2241 1004 2296 incidisse
1028 2244 1132 2297 furores
1152 2243 1248 2297 Clodii.

198 2332 307 2386 Etiamsi
320 2330 392 2384 enim
412 2330 451 2383 sel
470 2330 586 2383 maxime
598 2327 725 2381 Clodium
744 2328 912 2399 significaret,
930 2332 1045 2401 potuisse
1063 2343 1151 2385 tamen
1170 2330 1252 2384 animi

198 2418 407 2476 commotionem
434 2417 560 2471 Ciceroni
589 2437 630 2470 res
653 2429 852 2489 repraesentare
877 2418 1059 2493 praeteritas..
1085 2418 1142 2472 Nec
1166 2420 1251 2490 magis

95 2500 104 2519 ‘
197 2505 457 2577 audit-Schiitzium,
476 2524 501 2557 a.
521 2505 556 2558 U.
576 2524 599 2558 c.
617 2509 679 2561 698.
704 2507 833 2578 scriptum
860 2526 916 2559 esse
942 2505 1148 2560 contendentem
1166 2507 1250 2561 Para-

199 2594 286 2668 doxon
310 2604 432 2657 sextum,
456 2611 511 2664 quo
535 2591 644 2646 Crassus
668 2612 730 2646 cum
754 2594 886 2666 Pompeio
910 2595 1057 2647 secundum
1082 2594 1248 2648 consulatum

199 2693 310 2752 gereret.
346 2680 445 2733 Melius
470 2680 621 2734 consultum
645 2682 678 2734 iri
704 2682 833 2737 existimat
852 2681 990 2735 Ciceronis
1012 2680 1128 2752 gloriae,
1153 2681 1174 2733 si
1199 2694 1253 2736 sta-

199 2782 316 2836 tuamus,
344 2767 410 2821 fitted
433 2786 545 2838 parsum
572 2768 732 2839 opusculum
757 2770 928 2823 lucubratum
955 2768 1178 2841 contractioribus
1196 2768 1249 2821 iam

200 2857 337 2918 noctibus,
363 2854 437 2927 quod
464 2875 520 2908 non
548 2874 602 2910 esse
621 2856 691 2910 dicat
709 2859 790 2912 utin
810 2877 871 2911 arce
897 2857 963 2929 poni
991 2857 1087 2927 possit,
1111 2858 1252 2928 perpaucis

201 2942 323 2994 noctibus
338 2960 394 2997 esse
412 2941 601 3013 profligatum,
630 2945 758 3014 quamsi
783 2943 864 2998 libelli
883 2944 1025 3015 particulas
1040 2943 1148 2998 diversis
1165 2945 1251 3011 annis,

200 3028 286 3099 iisque
303 3029 363 3083 satis
380 3028 550 3095 distantibus,
570 3049 625 3083 csse
644 3030 791 3084 elaboratas
809 3051 957 3097 sumamus,
987 3031 1135 3084 rationibus
1153 3051 1249 3102 parum

199 3115 284 3168 firmis
296 3117 373 3169 moti:
392 3117 546 3189 praesertim
557 3136 640 3187 quum
660 3119 738 3172 verba
757 3118 811 3185 „ti
817 3140 830 3171 s
849 3122 913 3170 iam
932 3117 1155 3177 contractioribus
1164 3120 1250 3172 noctis

200 3204 372 3256 lucubratum
382 3211 395 3234 ‘⁶
414 3223 471 3257 rem
492 3203 570 3275 plane
587 3204 719 3258 conficere
739 3205 885 3258 videantur.

270 3292 363 3365 Neque
380 3291 595 3364 Borgersius
613 3292 646 3345 ab
665 3311 695 3344 ea
715 3291 844 3344 sententia
864 3291 966 3345 alienus
983 3286 1030 3356 csl,
1049 3288 1184 3361 additque,
1197 3288 1249 3352 ,Ci-

199 3399 325 3433 ceronem
345 3380 425 3433 videri
442 3399 531 3433 mores
551 3380 637 3450 magis
652 3398 763 3433 suorum
782 3379 923 3432 bominum
941 3397 974 3432 ac
986 3388 1148 3446 temporum,
1168 3396 1249 3448 quam

198 3479 285 3521 certos
304 3467 432 3537 quosdam
450 3469 533 3533 viros,
554 3467 747 3537 perstrinxisse:
765 3466 829 3520 binc
847 3468 925 3520 etiam
945 3464 1030 3529 ellici,
1049 3474 1078 3517 ut
1096 3452 1249 3516 decennioni

198 3556 335 3628 illudtest
353 3554 418 3608 baec
435 3574 482 3607 vox
500 3553 571 3625 apud
581 3553 637 3621 B.),
658 3554 729 3625 quod
748 3552 896 3606 secundum
915 3551 1068 3605 Sobiitzium
1086 3551 1157 3603 inter
1166 3568 1250 3621 quar·

199 3655 256 3694 tum
274 3643 431 3695 Paradoxon
451 3653 475 3695 et
493 3641 666 3695 Prooemium
690 3639 837 3705 effluxerit,
856 3640 935 3711 plane
953 3638 1070 3693 tollatur.
1116 3637 1171 3706 Qui
1191 3651 1251 3710 post

197 3729 369 3799 Borgersium
387 3728 420 3781 de
439 3739 562 3799 tempore
579 3728 743 3800 loquuntur,
768 3747 823 3798 quo
842 3726 946 3781 libellus
969 3732 1060 3781 noster
1077 3727 1191 3798 scriptus
1210 3727 1248 3779 ri-

199 3817 307 3881 deatur,
328 3815 468 3887 plerique,
494 3816 656 3869 Nobbius
676 3818 754 3869 etiam
780 3829 806 3868 et
829 3815 880 3868 boc
907 3817 964 3887 ipso
982 3833 1054 3868 anuo
1079 3815 1249 3877 Baebrius

200 3900 276 3966 (illst.
293 3903 354 3957 Litt.
373 3902 480 3955 Romm.
499 3903 531 3955 Τ.
550 3903 582 3955 ΙΙ.
601 3924 626 3974 p.
643 3905 696 3957 443
716 3905 804 3974 sqq),
832 3923 887 3956 non
905 3903 989 3973 magis
1006 3902 1129 3956 Sobiitzio
1149 3903 1248 3955 suifra-

197 4001 307 4060 gantur,
328 4009 409 4061 quam
428 3988 602 4044 Gernhardus
620 4002 645 4043 et
659 3989 901 4062 Morgensternius,
920 3991 956 4057 ita
973 4001 1061 4042 tamen
1073 4002 1103 4042 ut
1120 3989 1248 4041 Baehrius

196 4079 291 4150 scripta
310 4079 382 4132 dicat
398 4076 533 4131 Paradora
552 4079 642 4150 paullo
661 4090 720 4150 post
738 4079 821 4131 libros
836 4077 868 4131 de
888 4076 1009 4143 Officiis,
1039 4089 1098 4149 post
1127 4075 1245 4127 Caesaris

195 4167 346 4233 interitum,
386 4167 565 4237 scriptamque
591 4167 739 4220 orationem
765 4166 941 4238 Philippicam
973 4164 1125 4220 secundam.
1179 4158 1245 4211 Mihi

965 4250 975 4271 1
