3059 4925
291 466 361 539 132
622 485 795 534 rimport
822 485 1015 535 srorcoauu.

290 659 348 702 tura
368 656 395 699 et
411 645 494 717 ipsius
511 643 601 698 delicti
620 654 728 697 eventus
754 644 868 715 spectari
887 643 978 697 debet:
1007 644 1080 715 quod
1099 654 1137 697 est
1154 643 1242 696 sensui
1266 661 1343 695 com·

288 734 381 798 muni,
400 732 504 802 legibus
521 742 547 784 et
567 731 690 786 institutis
708 731 830 784 omnium
859 732 1012 785 mortalium
1032 741 1251 786 consentaneum:
1280 749 1338 783 ma-

289 820 402 892 gnitudo
423 818 485 872 lurti
502 818 588 890 ipsum
608 820 686 871 etiam
707 830 847 890 peccatum
867 830 954 890 auget.
998 818 1098 872 Eadem
1118 829 1157 871 est
1173 820 1253 871 etiam
1271 820 1340 872 ratio

289 907 432 963 titidintst‘
450 904 481 958 ll.
498 905 604 959 Wolf.
648 905 737 960 Potest
761 906 843 959 rideri
869 905 921 960 lroc
946 907 1066 978 exemplo
1083 905 1163 960 allato
1181 905 1277 959 Cicero
1295 923 1340 957 rc·

289 996 402 1067 sperisse
419 992 452 1045 ad
477 992 549 1045 illam
574 992 702 1046 Herodoti
727 993 761 1047 de
786 993 891 1049 Glauco
921 993 1134 1048 Lacedaemonio
1159 992 1338 1048 narrationem

290 1083 319 1137 L.
338 1080 383 1134 Vl.
401 1099 424 1135 c.
444 1083 488 1134 86.
507 1080 553 1133 ubi
579 1079 617 1132 vir
635 1079 743 1150 quidam
762 1080 883 1135 Milesius
914 1081 985 1153 apud
1005 1079 1154 1154 Glaucum,
1184 1081 1231 1151 qui
1257 1081 1341 1133 iustus

293 1170 513 1242 praedicabatur,
531 1167 667 1222 dimidiam
678 1186 755 1221 susm
774 1167 925 1238 deposuisse
942 1177 1067 1221 narratur
1077 1166 1227 1237 pecuniam.
1263 1165 1341 1219 Mor-

290 1269 338 1312 tuo
357 1255 404 1310 illo
422 1256 479 1307 viro
497 1253 601 1309 Milesio
621 1256 677 1307 eius
692 1254 740 1307 filii
759 1265 863 1308 ostensa
881 1264 960 1319 nota,
986 1272 1067 1324 quam
1087 1273 1102 1306 a
1120 1252 1226 1307 Glauco
1244 1271 1340 1306 eorum

168 1397 177 1406 ,
290 1354 368 1415 pater
384 1353 540 1413 acceperat,
557 1341 707 1412 depositum
726 1354 878 1412 reposcunt.
916 1341 1001 1411 Negat
1011 1339 1130 1392 Glaucus
1147 1339 1299 1391 meminisse
1310 1359 1339 1393 se

291 1430 393 1502 accepti
411 1428 539 1501 depositi,
558 1427 603 1481 sed
628 1447 689 1483 cum
714 1426 753 1480 bis
771 1427 839 1498 agit,
870 1438 899 1480 ut
922 1438 1018 1500 quarto
1045 1443 1135 1477 mense
1154 1423 1279 1488 redeant,
1309 1435 1339 1478 ut

290 1519 321 1571 iis
340 1518 491 1589 depositum
510 1515 617 1582 reddat,
635 1516 656 1567 si
675 1513 896 1569 reminisceretur.
941 1513 1049 1567 interim
1069 1510 1221 1582 Apollinem
1239 1528 1339 1563 consu·

289 1605 335 1671 lit,
360 1616 451 1659 uuum
467 1602 649 1656 ,iureiurando
680 1603 832 1674 depositum
856 1604 1049 1656 interversurus
1073 1609 1100 1652 ct
1126 1598 1154 1650 in
1178 1615 1252 1650 suam
1281 1617 1338 1650 rem

292 1711 468 1748 conversurus
484 1692 525 1745 sit.
561 1690 655 1762 Pythia
672 1690 697 1743 ei
716 1692 874 1762 respondet:
905 1689 933 1742 in
954 1706 1080 1760 praesens
1104 1684 1212 1756 quidem
1240 1684 1293 1736 sire
1311 1686 1340 1738 in

291 1781 372 1835 breve
388 1792 493 1850 tempus
510 1778 614 1850 expedit
631 1796 694 1830 sane
713 1777 747 1831 ita
767 1777 940 1831 iureiurando
959 1776 1065 1828 vincere
1082 1771 1279 1843 pecuniamque
1296 1770 1340 1823 in-

219 1931 223 1940 ·
291 1878 448 1932 terrertere,
466 1865 511 1917 sed
532 1882 587 1917 non
605 1863 718 1917 cessabit
733 1881 840 1935 semper
857 1862 945 1915 divina
964 1861 1092 1918 vindicta:
1110 1869 1164 1912 tota
1181 1869 1226 1912 tua
1245 1858 1339 1911 domus

289 1952 417 2006 interibit.
435 1995 438 2000 .
454 1949 538 2018 Quod
556 1950 629 2002 brevi
647 1949 726 2002 etiam
743 1949 846 2001 factum
865 1959 910 2000 est.
944 1947 1003 2000 Me.

327 2068 330 2074 ·
361 2049 411 2092 ant
422 2046 620 2105 temperantem,
639 2035 740 2104 qui-J
758 2037 973 2102 „Pompei-otum,
993 2034 1163 2088 duodecim.“
1182 2034 1253 2088 ΑΜ.
1271 2032 1341 2085 Me·

291 2134 359 2177 nut.
377 2122 501 2175 ,liabent
518 2121 597 2174 etiam
617 2130 795 2190 temperatum
812 2119 863 2175 Or.
876 2138 906 2183 ψ.
923 2121 1004 2175 Drsd.
1022 2127 1055 2186 4;
1072 2119 1122 2175 Ox.
1136 2122 1166 2174 E.
1185 2140 1222 2174 on
1240 2130 1272 2173 tu
1288 2139 1338 2191 pro

290 2219 350 2262 aut.
384 2208 448 2261 Post
466 2218 656 2278 temperantem
681 2207 710 2261 in
736 2207 828 2263 multis
853 2208 922 2263 Edd.
940 2209 1061 2281 sequitur
1077 2227 1152 2261 cums
1176 2206 1249 2279 quod
1274 2226 1337 2260 cnm

290 2312 346 2348 non
363 2294 471 2365 legetur,
494 2294 522 2347 in
541 2292 627 2347 Codd.
653 2293 735 2348 Bern.
755 2293 815 2349 Bas.
841 2294 930 2350 Gueli.
949 2296 1022 2351 (ind.
1041 2298 1072 2350 A.
1090 2296 1122 2348 B.
1154 2295 1260 2350 Suerin.
1278 2296 1336 2346 Cra.

289 2384 315 2435 1.
333 2388 357 2435 2.
375 2380 441 2436 Orx.
460 2380 479 2433 Ι.
498 2381 532 2435 U.
550 2401 575 2449 η.
595 2399 619 2435 o.
639 2399 669 2443 ψ.
689 2382 768 2435 Drsd.
785 2386 879 2438 t-a.
896 2383 963 2437 Edd.
984 2404 1040 2456 prc.
1053 2384 1121 2438 Vict.
1139 2379 1334 2438 ManutSuifr.

290 2469 361 2523 Patr.
390 2468 490 2523 Pan-s.
510 2469 527 2522 Ι.
543 2469 612 2524 Rob.
630 2469 724 2541 Steph.
739 2472 802 2525 Aac.
821 2475 906 2526 tate:
926 2473 953 2527 in
974 2473 1014 2528 liis
1029 2473 1112 2544 igitur
1129 2472 1256 2526 omnibus
1274 2486 1337 2524 cnm

289 2575 349 2610 non
364 2556 469 2627 lepatnr
486 2574 563 2614 eum,
591 2577 648 2611 non
675 2560 781 2613 uncinis
805 2561 887 2613 modo
905 2561 1073 2614 co‘ercuimus
1090 2576 1183 2614 rocem
1211 2575 1338 2628 superra-

290 2663 417 2711 caneam,
448 2643 494 2697 sed
512 2643 592 2716 plane
610 2646 743 2700 eiecimus.
780 2646 810 2700 ln
829 2666 882 2700 nna
900 2646 951 2699 Ed.
968 2646 1054 2717 Lugd.
1071 2654 1110 2698 est
1127 2663 1164 2696 an
1182 2663 1233 2716 pro
1251 2653 1312 2695 out.

361 2732 409 2803 qui
426 2749 455 2783 se
474 2757 508 2771 -
527 2732 555 2784 in
571 2733 667 2806 aliqua
684 2733 846 2803 effuderiti]
883 2732 1042 2787 insolentius
1060 2730 1159 2785 dictum
1179 2732 1216 2785 sit
1233 2730 1338 2784 Gernlr.

289 2836 344 2873 esse
362 2835 392 2870 se
407 2816 546 2885 effundere
563 2820 592 2871 in
613 2819 762 2889 libidinem,
781 2823 797 2875 i.
816 2841 840 2875 c.
857 2823 913 2875 sine
931 2820 1013 2875 modo
1031 2830 1057 2874 et
1075 2818 1178 2872 ratione
1195 2817 1338 2888 indulgere
1443 2872 1450 2883 x

287 2903 407 2970 libidini,
427 2903 562 2976 riderique
580 2906 650 2962 hanc
664 2908 809 2964 dictionem
827 2909 952 2963 Ciceroni
968 2907 1112 2979 placuisse,
1139 2924 1208 2978 quae
1234 2923 1338 2978 prono·

288 2991 356 3044 mini
374 3010 401 3045 se
419 2993 676 3050 accommodaretur.
713 2995 847 3048 Nimirum
872 2995 1046 3049 concinnitati
1070 2993 1122 3046 hoc
1138 2992 1213 3047 dedit
1230 2991 1336 3046 Cicero.

288 3077 359 3132 Cum
375 3077 446 3132 enim
466 3080 631 3148 praemiserit
648 3100 676 3135 sc
693 3112 728 3124 -
746 3084 926 3147 continuerit,
956 3082 1107 3154 postulabat
1134 3081 1250 3152 partium
1269 3098 1337 3134 con·

288 3164 403 3220 cinnitas
420 3174 446 3216 et
464 3175 525 3235 apta
540 3167 688 3238 copulatio,
708 3181 737 3223 ut
754 3169 848 3223 eadem
866 3180 998 3224 structura
1017 3181 1175 3242 pergeretur
1190 3188 1220 3222 se
1238 3197 1273 3210 -
1291 3168 1338 3237 ej·

283 3253 403 3324 fuderit.
452 3250 535 3320 Quod
559 3255 734 3322 nisi'luisset,
763 3257 1015 3313 accommodavisset
1036 3276 1064 3310 se
1090 3255 1188 3310 cicero
1218 3255 1242 3308 ei
1268 3254 1336 3318 usui,

286 3358 342 3411 quo
361 3339 423 3392 disit
442 3339 519 3405 alibi,
538 3360 561 3399 v.
579 3361 604 3396 c.
621 3360 672 3413 pro
692 3341 810 3398 Caelii.
828 3345 934 3414 effusus
952 3347 981 3397 in
998 3330 1150 3416 largitione,
1169 3343 1256 3396 icrrna
1274 3359 1337 3413 pas·

287 3426 356 3489 sisa,
385 3425 474 3497 qualia
498 3426 651 3483 afferuntur
668 3431 786 3502 exempla
811 3432 997 3485 aForcellino
1024 3452 1054 3484 er
1081 3430 1170 3495 Livio,
1195 3427 1336 3495 Suetonio,

286 3511 390 3565 Tacito.
425 3511 516 3565 Verba
534 3516 581 3584 qui
599 3534 627 3567 ss
644 3510 806 3571 exciderunt
823 3519 850 3570 in
869 3519 936 3571 cod.
954 3517 1005 3571 Or.
1023 3536 1053 3579 ψ.
1079 3518 1109 3569 ln
1133 3516 1213 3570 Drsd.
1230 3519 1256 3568 4.
1274 3524 1336 3568 ante

286 3599 317 3648 s'n
334 3599 428 3670 eliqua
448 3598 554 3654 edditur
572 3614 616 3666 et,
641 3605 729 3658 minus
753 3606 836 3670 benc,
862 3617 887 3658 et
912 3605 1039 3676 languide
1057 3605 1152 3667 etiam;
1183 3604 1213 3656 in
1232 3599 1292 3655 Gn.
1311 3604 1336 3653 1.

287 3695 377 3735 estse
395 3684 538 3753 effuderit,
556 3688 585 3740 in
604 3688 654 3743 Or.
672 3691 704 3744 E.
723 3693 873 3761 offenderit.
918 3693 1039 3745 Verbum
1063 3691 1191 3759 effuderit
1209 3690 1336 3743 omissum

285 3779 324 3822 est
341 3770 369 3822 in
388 3772 456 3826 cod.
475 3770 547 3828 Gud.
565 3773 602 3828 Ba
630 3774 690 3830 Mr.

359 3856 419 3908 Uno
437 3859 526 3911 virtus
543 3870 585 3912 cst
604 3865 770 3918 consentiens
796 3884 856 3918 curn
881 3869 986 3935 tutiores
1011 3878 1039 3919 st
1056 3875 1187 3936 perpetua
1208 3873 1336 3918 conman—

284 3944 340 4012 tio]
362 3943 448 3999 tisri
468 3954 521 3999 tam
539 3967 623 4002 manu
648 3951 759 4018 exarati,
786 3971 874 4027 quana
887 3953 949 4012 editi
969 3953 1011 4008 bic
1036 3969 1130 4006 omees
1154 3949 1336 4019 consentiunt.

234 4034 236 4038 ¹
284 4028 351 4098 Quo
379 4028 638 4107 diligentissume„
658 4049 684 4092 et
710 4040 861 4094 accuratius
885 4039 959 4095 hunc
981 4040 1072 4095 locum
1091 4038 1228 4110 expendo,
1259 4048 1335 4092 tanto

283 4118 381 4174 clarius
398 4119 464 4173 milri
482 4120 570 4175 sidere
589 4124 693 4189 ridear,
720 4136 747 4176 st
764 4145 821 4181 esse
850 4128 886 4181 eis
917 4129 1042 4200 imperito
1060 4126 1210 4193 adiectum,
1239 4145 1294 4179 non
1316 4144 1332 4178 a

281 4203 420 4261 Ciceronis
439 4225 522 4262 manu
541 4211 707 4280 profectum,
727 4214 963 4286 scribendumque:
998 4218 1061 4269 Una
1078 4216 1169 4268 virtus
1187 4224 1244 4276 est,
1271 4229 1335 4265 cca-

1508 4148 1514 4180 t
