3059 4925
291 469 363 542 146
609 491 781 539 ornanum
810 491 1006 541 sroruoruu.

288 654 316 706 in
335 652 387 706 lais:
406 652 481 704 nuda
499 651 554 704 iata
572 652 597 702 ai
615 669 714 718 ponus,
733 651 750 702 i.
765 669 788 703 e.
809 650 864 703 sina
883 651 1072 718 adiunctione,
1093 653 1125 707 de
1145 672 1222 708 causa
1242 657 1337 710 caedis.

288 742 379 812 Pergit
396 737 471 810 loqui
491 737 667 805 adversarius,
703 738 808 804 dicens,
838 759 866 791 er
891 740 934 792 illa
964 740 1093 812 opinione
1123 742 1156 795 de
1181 742 1339 813 aequalitate

288 838 459 899 peccatorum
478 827 561 897 sequi,
579 826 791 897 Saguntinorum
805 826 884 880 fuisse
903 828 1089 898 parricidium:
1108 831 1180 901 quod
1199 850 1254 884 esse
1271 851 1340 885 con-

289 927 328 969 tra
347 933 452 968 sensum
471 919 643 967 communem
663 925 688 968 et
705 914 840 968 iniustum.
859 916 922 970 lriuc
932 936 997 987 ergo
1013 916 1133 988 intelligi,
1152 918 1223 971 idem
1236 920 1336 974 factum
1419 907 1423 914 ⁸

289 1005 353 1057 alias
371 1020 427 1054 esse
445 1000 603 1069 honestum,
622 1001 687 1055 alias
703 1003 860 1057 sceleratum
880 1007 949 1058 etc.“
985 1004 1061 1058 Ern.

284 1087 289 1090 ’
359 1091 433 1158 Ergo
450 1097 477 1138 et
492 1089 603 1157 parenti
614 1092 817 1162 nonnunquam]
848 1091 889 1144 Ad
905 1091 1009 1144 Ernesti
1027 1104 1119 1147 annot.
1132 1106 1205 1148 recte
1216 1093 1338 1146 animad-

289 1174 484 1242 vertitGernlr,
501 1175 592 1230 locum
611 1176 667 1229 eius
685 1175 749 1231 notai
768 1178 963 1249 impeditiorem
980 1197 1035 1232 esse
1053 1180 1168 1246 lactum,
1186 1183 1338 1251 rectiusque

287 1264 448 1319 Wetnelium
477 1264 543 1318 haec
568 1263 658 1316 omnia
681 1264 743 1317 inde
770 1285 784 1317 a
805 1266 888 1316 Nuda
905 1266 961 1316 istu
980 1277 1029 1320 etc.
1074 1267 1199 1321 Ciceroni
1221 1268 1338 1321 tribuere

288 1352 468 1424 respondenti.
486 1379 521 1391 —
558 1352 646 1404 Verba
667 1362 694 1403 st
710 1353 820 1420 parenti
839 1352 933 1404 omissa
953 1355 1061 1406 suntin
1080 1354 1147 1407 Cod.
1168 1357 1225 1406 Cra.
1245 1358 1277 1417 13
1309 1355 1337 1406 in

288 1439 381 1492 eodem
401 1450 438 1493 est
456 1438 550 1490 audivi
569 1457 620 1509 pro
638 1439 734 1502 adimi,
752 1439 780 1491 in
800 1438 851 1494 Or.
870 1440 889 1490 l.
909 1440 984 1509 eripi.
1020 1440 1156 1505 „Poenam
1175 1441 1203 1493 in
1224 1441 1339 1511 parrici-

288 1527 334 1579 das
350 1527 400 1596 (ita
418 1525 499 1597 Borg.
518 1525 546 1577 in
564 1524 670 1594 annot.)
688 1525 791 1596 legibus
817 1527 944 1580 Romanis
962 1529 1146 1592 constitutam,
1176 1527 1265 1599 legant
1289 1528 1337 1580 ha-

287 1633 347 1667 rum
366 1633 458 1667 rerum
476 1614 573 1667 euriosi
590 1613 668 1667 Rosc.
695 1612 786 1666 Amer.
811 1617 845 1667 25
865 1615 923 1684 sq.“
953 1614 1019 1666 Add.
1045 1613 1078 1666 ll.
1100 1614 1131 1667 E.
1155 1613 1337 1666 Dirlsenii

288 1701 413 1755 Manuale
437 1701 585 1755 Latinitatis
607 1700 736 1754 Fontium
771 1701 837 1754 luris
862 1701 952 1755 Civilis
985 1702 1064 1754 Rom.
1097 1700 1337 1766 v.-Parriridium,

287 1809 312 1860 p.
333 1793 393 1843 680.
413 1790 439 1841 b.
475 1788 554 1842 Nunc
572 1787 632 1840 add.
650 1788 681 1840 E.
701 1787 891 1852 Kaerelrcr,
909 1790 937 1841 in
957 1789 1038 1842 Beitr.
1057 1809 1078 1840 a.
1097 1788 1153 1842 Lat.
1173 1788 1289 1859 Etymol.
1310 1808 1336 1841 u.

288 1877 426 1947 Lericogr.
446 1874 465 1927 l.
482 1875 548 1927 Ltef.
568 1878 592 1929 8.
629 1874 725 1946 Stuttg.
745 1879 824 1930 1844.
857 1876 917 1929 ΜΓ.

358 1973 385 2013 ct
404 1980 479 2015 servo
498 1981 576 2031 saepe
595 1963 651 2014 aine
668 1962 771 2013 iniuria
789 1979 841 2016 non
857 1964 968 2030 potem]
1006 1966 1107 2016 Vocem
1126 1975 1153 2015 et
1164 1963 1336 2018 omittitCod.

287 2049 397 2112 cn.'1;
416 2047 487 2099 idem
506 2066 568 2099 curn
584 2048 663 2099 Drsd.
681 2052 707 2100 4.
728 2047 826 2101 omittit
843 2065 937 2118 saepe‚·
966 2048 1045 2102 Drsd.
1062 2053 1088 2102 1.
1107 2062 1134 2103 ct
1150 2055 1175 2105 3.
1195 2052 1292 2105 habant
1308 2062 1337 2102 et

287 2152 390 2204 saepe
408 2152 516 2185 servo.
552 2131 617 2185 Orr.
631 2132 649 2184 l.
670 2153 694 2202 η.
715 2135 791 2185 vita
808 2136 901 2205 eripi
920 2155 976 2189 non
993 2149 1083 2205 potest
1100 2156 1162 2190 cum
1181 2138 1335 2192 Daua-

289 2222 427 2292 „Antiqun
446 2219 504 2272 iure
524 2220 708 2273 Romanorum
728 2222 830 2275 domini
849 2221 877 2274 in
904 2241 1039 2277 serrorum
1066 2244 1159 2279 necem
1179 2236 1334 2296 potestatem

287 2310 447 2362 habueruut.
484 2310 601 2361 Auctore
619 2308 773 2362 Modestino
789 2309 861 2364 libro
880 2309 980 2381 Digest.
999 2316 1043 2366 ts.
1069 2313 1101 2365 ad
1126 2313 1212 2383 legem
1231 2316 1335 2367 Corne-

287 2397 350 2449 liam
369 2398 402 2449 da
420 2395 543 2465 Sicariia,
562 2408 620 2468 post
639 2396 724 2469 legem
743 2396 898 2450 Petroniam
917 2410 943 2452 et
960 2399 1075 2453 Senatus
1093 2400 1213 2454 consulta
1232 2401 1334 2453 adeam

286 2487 372 2557 legem
392 2486 561 2556 pertinentia,
581 2485 696 2538 dominis
714 2496 828 2556 potestas
846 2487 933 2540 ablata
952 2499 998 2553 est,
1016 2489 1050 2541 ad
1068 2489 1164 2543 bestias
1176 2488 1336 2559 depugnan-

288 2574 335 2629 das
355 2593 404 2627 suo
422 2573 533 2626 arbitrio
552 2592 639 2626 servos
656 2572 770 2627 tradere.
806 2572 908 2627 Oblato
925 2585 1014 2629 tamen
1030 2576 1110 2630 iudici
1128 2596 1212 2641 servo,
1230 2577 1251 2627 si
1269 2575 1336 2627 iusta

287 2660 390 2713 domini
409 2658 519 2730 querela
537 2659 584 2724 sit,
605 2678 708 2729 poenae
727 2661 854 2714 tradetur.
901 2662 1066 2729 Hadrianus,
1083 2675 1125 2717 ¹ut
1152 2665 1179 2716 in
1205 2665 1261 2716 eius
1286 2663 1335 2716 vita
1392 2680 1398 2689 ·

287 2744 379 2798 aetius
396 2743 555 2814 Spartianus
573 2745 664 2812 tradit,
694 2747 728 2812 [c.
747 2751 791 2799 18.
816 2767 842 2818 p.
862 2752 905 2801 81.
922 2749 972 2801 ed.
992 2749 1124 2803 Sclirerel.
1149 2750 1213 2822 ibiq
1233 2749 1336 2803 Casau-

154 2831 158 2847 '
224 2880 229 2887 ,
287 2832 363 2898 lton]
384 2849 472 2884 servos
497 2849 516 2882 u
541 2831 652 2885 dominis
671 2835 755 2885 occidi
768 2837 882 2902 'vetuit,
909 2856 1004 2908 eosque
1028 2838 1110 2889 iussit
1139 2839 1262 2889 dornncri
1285 2856 1336 2906 per

286 2919 400 2984 iudices,
418 2919 443 2970 si
460 2919 535 2989 digni
553 2925 666 2995 essent.⁴‘
683 2921 706 2972 F
713 2942 757 2977 rc.
776 2923 869 2994 Sylv.
905 2923 974 2977 Add.
992 2923 1114 2978 Dirlrsen.
1133 2924 1185 2991 l.·l.
1204 2945 1229 2996 p.
1240 2928 1300 2979 884.
1311 2943 1335 2977 a.

288 3004 340 3058 Sed
360 3004 410 3057 vid.
426 3024 495 3077 quae
513 3008 644 3078 congessit
662 3009 695 3062 de
713 3012 794 3063 servis
805 3031 961 3084 eorumque
990 3013 1061 3083 apud
1080 3013 1216 3067 Romanos
1241 3013 1335 3066 condi·

272 3096 360 3148 ‘tione
379 3096 576 3147 Creuaerus
594 3095 621 3148 in
641 3097 784 3168 Antiquitt.
802 3100 909 3152 Romm.
930 3119 955 3170 p.
975 3103 1104 3154 34-14.
1127 3100 1168 3153 ed.
1187 3105 1211 3153 2.
1231 3100 1336 3170 praeci·

285 3202 340 3253 pue
366 3181 398 3235 de
418 3182 591 3236 dominorum
610 3183 637 3235 in
657 3202 746 3238 servos
762 3186 958 3258 iureapdidsq.
977 3198 1003 3240 et
1020 3187 1050 3238 F.
1069 3185 1236 3240 Creuzers
1250 3186 1336 3239 Deut-
1369 3200 1373 3204 “

286 3269 349 3324 sche
373 3267 507 3322 Sc'hriften
526 3268 572 3336 lV,
592 3273 617 3323 1.
667 3271 724 3324 Zur
747 3272 841 3326 Roem.
868 3273 963 3328 Gesch.
988 3274 1044 3328 und
1068 3273 1335 3338 Altertlrumsluude;

186 3396 191 3404 .
285 3357 351 3428 ibiq.
370 3355 391 3409 l.
409 3355 500 3411 Bliclre
518 3357 570 3410 aul
583 3358 625 3410 die
643 3356 776 3411 Slrlaverei
795 3360 832 3411 im
851 3359 922 3414 alten
940 3362 1019 3414 Rom.
1036 3382 1064 3432 p.
1082 3364 1189 3414 1-74.
1226 3362 1281 3412 lllr.

357 3447 449 3512 Servo]
470 3444 635 3512 ·„Quamris
658 3445 775 3498 dominis
799 3446 828 3498 in
853 3466 990 3500 serrorum
1018 3449 1082 3502 vitas
1107 3449 1148 3502 ius
1172 3459 1251 3513 esset,
1279 3454 1334 3499 non

286 3545 375 3587 tamen
395 3550 428 3584 eo
445 3532 503 3584 iure
520 3533 576 3585 sine
596 3550 685 3585 caussa
700 3543 726 3586 et
744 3533 847 3609 ratione
867 3535 905 3588 uti
925 3538 1076 3607 poteraut.‘⁸
1110 3535 1204 3589 Face.

359 3623 450 3672 Causa
467 3620 555 3691 igitur
573 3621 654 3687 hoec,
684 3640 737 3674 non
755 3624 858 3675 natura
877 3624 1051 3696 distinguit:]
1087 3621 1248 3687 „Est-liuius
1272 3640 1335 3674 aen·

196 3724 199 3729 ·
286 3705 384 3758 tentiae
401 3705 467 3760 haec
484 3707 534 3760 risa
562 3708 644 3763 Recte
663 3728 713 3763 nec
741 3728 775 3762 ne
794 3711 853 3781 quis
872 3721 1009 3782 parentem
1028 3709 1183 3777 interficiat,
1207 3729 1262 3764 non
1287 3728 1335 3780 per

286 3792 371 3862 ipsam
389 3805 512 3847 naturam
532 3795 706 3848 iudicandum
725 3809 777 3860 est,
795 3799 813 3850 i.
832 3818 855 3850 e.
873 3799 955 3851 nude·
967 3810 993 3853 et
1011 3798 1038 3850 in
1057 3798 1204 3863 abstracto,
1222 3797 1266 3851 sed
1285 3815 1335 3866 per

286 3895 401 3933 causam.
450 3877 536 3934 Causa
559 3891 658 3935 autern.
674 3883 726 3938 ltoc
754 3885 815 3940 loco
843 3886 922 3940 habet
947 3884 1080 3958 duplicem
1106 3883 1335 3955 significationem.

286 3965 409 4018 Primum
427 3966 499 4018 enim
519 3979 593 4022 notat
608 3971 651 4036 id,
683 3974 755 4043 quod
774 3973 852 4044 vulgo
872 3973 969 4029 dicitur
987 3971 1183 4029 circumstantia
1202 3971 1220 4023 i.
1239 3990 1263 4023 e.
1280 3981 1335 4031 stae

287 4066 329 4108 tus
347 4064 372 4106 et
390 4053 508 4107 conditio
528 4075 634 4125 rerum,
652 4061 679 4112 iu
699 4081 751 4132 qua
771 4062 865 4133 aliquis
883 4074 921 4116 est
939 4062 972 4115 de
990 4059 1120 4115 eiusmodi
1138 4059 1210 4114 lacto
1233 4056 1335 4111 delibe-

284 4159 362 4204 rans,
391 4139 470 4193 veluti
492 4144 620 4214 exemplo
644 4147 677 4200 de
702 4147 857 4220 Saguntinis
881 4168 936 4202 non
965 4148 1120 4223 simpliciter
1148 4147 1334 4220 quaerebatur,

286 4226 350 4298 quid
370 4238 464 4281 natura
483 4214 602 4295 iuberet,
636 4253 698 4286 narn
717 4233 783 4288 haec
810 4236 926 4292 vetabat:
955 4237 999 4289 sed
1018 4254 1111 4303 eausa,
1133 4237 1160 4290 ·i.
1179 4256 1201 4288 e.
1221 4248 1334 4305 ternpus,
