3059 4925
524 485 720 534 esnsooxou
739 486 782 561 vt.
806 487 875 534 cau.
892 488 928 534 u.
1160 462 1232 535 301

189 650 377 703 mediocria
396 655 590 715 temperate
605 654 694 714 petest
712 644 807 696 dicere.
825 671 859 682 -
896 646 926 698 Is
942 644 1030 715 igitur
1047 645 1172 715 eloquens
1190 650 1236 711 (ut

189 738 275 788 idem
304 735 401 788 illud
430 734 570 798 iteremus)
597 732 644 802 qui
662 759 696 770 —
713 730 814 799 poterit
835 748 925 798 parva
950 732 1088 784 summisse
1104 733 1237 785 modica

189 833 399 891 temperate,
417 838 517 891 magna
532 820 655 889 grauiter
674 817 768 868 uicere.
815 814 869 869 Sed
897 816 931 869 de
959 835 1009 870 usu
1034 820 1238 890 praepositionis

135 893 139 901 ¹
189 911 235 971 ad,
253 911 356 979 dequo
374 907 493 978 exposuit
511 907 609 977 wyte,
627 904 778 959 accuratius
795 904 850 974 egit
866 903 986 959 flandius
1003 905 1030 957 in
1049 904 1201 961 Turullium
1218 909 1239 961 1.

190 1016 217 1067 p.
233 1000 284 1049 tut
303 1016 342 1066 sq.
361 995 464 1050 dicens:
483 993 617 1061 „Ponitur
634 992 679 1056 ad,
697 992 742 1043 ubi
760 990 934 1061 significanda
944 1002 982 1046 est
995 1011 1090 1047 noema
1103 1005 1130 1049 et
1146 994 1237 1065 tegula

189 1093 216 1136 et
232 1082 276 1147 id,
296 1081 369 1152 quod
388 1081 522 1138 actionem
539 1080 657 1150 aliquam
677 1079 745 1149 regit
769 1090 796 1132 et
813 1078 982 1134 modulatur:
1008 1080 1035 1133 td
1065 1083 1138 1152 quod
1162 1083 1238 1137 reddi

191 1181 275 1241 potest
293 1188 342 1240 per
359 1168 518 1223 vocabulum
535 1167 688 1220 secundum.
724 1165 784 1220 Hoc
801 1166 873 1218 enim
892 1167 1038 1239 sequendi,
1064 1166 1130 1222 illud
1160 1187 1237 1223 aece-

190 1258 269 1312 dendi
288 1269 315 1310 et
332 1254 479 1326 attingendi
499 1253 638 1310 notionem
656 1254 684 1306 in
708 1273 736 1307 se
753 1252 841 1308 babet.
884 1252 982 1310 Graeci
1005 1253 1100 1309 dicunt
1126 1256 1194 1308 sueti
1211 1268 1237 1309 et

190 1343 236 1398 mie
254 1355 280 1397 et
297 1347 339 1407 in,
358 1342 486 1396 Germani
503 1347 611 1412 gemiise
630 1353 656 1395 et
673 1342 771 1394 noctu
816 1341 918 1395 Laudat
944 1342 1014 1396 idem
1041 1342 1237 1415 Heusingerum

181 1430 223 1501 ,ad
244 1429 299 1483 cte.
317 1428 486 1495 1180111111,
503 1432 548 1496 21,
566 1430 608 1483 111.
626 1430 666 1498 (p.
684 1430 748 1483 44⁹.
769 1428 810 1483 ed.
829 1428 939 1500 Zumpt.
956 1430 1031 1497 mai)
1056 1431 1101 1484 ubi
1126 1431 1238 1502 legitur:
1266 1457 1270 1463 ·

190 1521 251 1571 Nun
269 1517 370 1583 babeo,
388 1519 433 1568 ud
450 1518 553 1587 vulgi
571 1516 779 1586 opinionem,
804 1534 874 1586 quus
902 1517 988 1570 maior
1008 1517 1133 1582 utilitas,
1157 1536 1237 1589 quam

188 1605 334 1675 regnandi,
351 1621 408 1658 esee
423 1605 528 1674 possin
556 1601 774 1656 admittentium
803 1602 837 1655 ad
856 1600 939 1656 Corn.
956 1603 1025 1673 Nep.
1048 1604 1237 1675 Epam.11,t.

188 1696 221 1748 ad
233 1692 323 1746 verba:
345 1691 384 1743 nd
390 1700 512 1746 nostram
522 1688 738 1742 cousuetudinem
747 1698 813 1742 aaut
821 1688 909 1750 lesim-
928 1688 1107 1762 Oudendorp.
1118 1692 1151 1745 ad
1162 1693 1239 1746 Caes.

187 1781 218 1834 B.
235 1780 269 1834 G.
290 1779 335 1845 Vi,
354 1783 380 1845 1,
398 1783 430 1832 ²:
449 1780 487 1834 ud
503 1779 649 1847 opiniomm
668 1776 792 1842 Galliae,
823 1776 871 1830 ubi
897 1776 949 1831 vid.
973 1777 1053 1832 etiam
1070 1778 1193 1834 Heidium
1211 1794 1239 1834 et

187 1868 340 1932 Moebium,
371 1878 397 1920 et
414 1866 448 1920 ad
467 1883 682 1937 synonymorum
707 1864 845 1917 audiveris
870 1875 898 1918 et
916 1865 1033 1919 modicus
1056 1866 1236 1921 differentiam

188 1955 260 2010 coni.
279 1954 449 2008 Doederlein.
467 1954 524 2008 bat.
546 1952 651 2023 Synon.
678 1971 704 2005 u.
721 1950 840 2022 Etymui.
858 1952 893 2007 V.
919 1972 946 2025 p.
963 1956 1028 2008 2113.
1043 1982 1078 1992 -
1128 1954 1238 2026 Legitur

188 2044 274 2094 media
294 2061 343 2112 pro
362 2041 481 2102 inediae,
508 2055 538 2094 es
565 2039 650 2110 glossa
671 2056 768 2110 parum
794 2049 874 2109 apta,
901 2039 930 2092 iu
954 2037 1023 2094 cod.
1050 2039 1129 2096 Suet·-
1170 2043 1235 2096 Post

188 2129 265 2181 natta
283 2129 390 2183 additui
406 2136 449 2180 est
466 2127 495 2179 in
514 2124 697 2179 caumont.
718 2127 743 2179 1.
761 2128 787 2179 3.
829 2125 872 2186 Ad
890 2146 913 2180 v.
932 2128 971 2179 ud
986 2137 1063 2181 tuum
1080 2130 1159 2182 nulia
1177 2130 1236 2184 iau·

188 2217 232 2269 dat
251 2214 352 2269 Gemit.
369 2215 402 2267 de
420 2213 507 2268 Crassi
527 2213 622 2268 divitiis
650 2212 742 2267 iocum
759 2212 895 2269 Plutarchi
917 2214 946 2267 in
971 2201 1036 2269 eius*
1052 2217 1102 2269 vita
1130 2236 1189 2288 cap.
1209 2224 1234 2273 2.

188 2304 229 2358 ud
246 2323 302 2356 rem
324 2304 385 2358 Fac.
404 2301 475 2373 Syiv.
495 2300 573 2355 baec:
603 2300 747 2367 „Ciceroni
771 2300 868 2361 multas
885 2301 965 2356 fuisse
989 2302 1106 2369 divitias,
1129 2305 1174 2357 sed
1194 2293 1238 2359 eas

188 2392 284 2447 iniuste
302 2401 407 2461 partas,
426 2389 527 2444 obiecit
544 2387 690 2444 Sallustius.
726 2388 791 2441 Eius
808 2389 843 2441 ad
862 2388 1001 2445 maledieta
1013 2390 1109 2445 Cicero
1122 2410 1234 2462 respon-

189 2482 268 2547 dens,
288 2481 437 2534 amicorum
455 2477 617 2532 testamentis
634 2496 662 2530 se
680 2477 782 2529 iactum
800 2476 865 2530 dicit
882 2476 1112 2549 locupletiorem.“
1148 2477 1207 2531 Ma.
1299 2520 1301 2523 .

259 2569 290 2619 de
308 2586 347 2621 me
364 2564 458 2630 silebo,
482 2566 513 2617 ds
532 2583 566 2617 re
583 2565 699 2636 loquum]
744 2563 767 2616 E
793 2563 974 2637 duodeviginti
1001 2565 1063 2619 Atti
1090 2565 1236 2621 codicibus

189 2655 344 2728 quindecim
359 2653 517 2707 exhibebant
535 2671 571 2717 re,
588 2664 642 2707 tres
660 2663 702 2705 tet
720 2650 769 2713 ltte
789 2664 876 2706 tamen
895 2664 937 2720 te,
955 2666 986 2708 ut
1000 2655 1107 2721 rectius,
1126 2657 1234 2726 praese·

188 2744 271 2799 rebat.
307 2741 360 2795 sed
379 2740 456 2795 aiiter
473 2741 552 2795 sensit
571 2740 720 2806 Victorius,
739 2742 786 2812 qui
805 2740 908 2796 exhibet
925 2761 971 2808 te,
990 2752 1016 2796 et
1034 2753 1094 2814 poet
1109 2761 1172 2797 eum
1180 2742 1236 2798 Ca·

188 2830 332 2885 merarius:
357 2828 428 2882 Hier.
449 2828 528 2883 etiam
546 2826 633 2881 Wots.
652 2829 684 2878 ds
701 2847 742 2893 re,
768 2828 872 2899 inquit,
896 2827 1005 2894 melius,
1035 2848 1116 2900 quum
1144 2833 1236 2882 dete.

187 2919 292 2971 Habent
309 2927 399 2970 autem
416 2914 481 2969 iilud
500 2926 527 2966 te
544 2915 667 2986 plerique
692 2915 784 2986 scripti
804 2925 831 2968 et
855 2916 927 2971 editi.
969 2914 1023 2969 Sed
1049 2928 1155 2987 praeter
1180 2937 1235 2982 eos,

189 3026 256 3077 quos
285 3004 446 3069 memoravi,
477 3021 505 3057 re
536 2987 659 3059 exhibent
685 3000 751 3056 Οιι.
787 3013 918 3072 quatuor,
953 3002 1014 3057 Bne.
1043 3002 1113 3057 Pitb.
1142 3004 1238 3059 Duiab.

188 3094 268 3147 Drsd.
288 3098 312 3146 2.
331 3092 464 3163 itemque,
489 3109 550 3146 cum
570 3088 679 3155 Giossa,
704 3087 764 3143 Cra.
782 3093 813 3142 ²:
838 3089 870 3141 de
898 3108 935 3142 rs
958 3091 1103 3160 inceptu
1130 3092 1235 3164 loquar,

188 3180 258 3233 uude
277 3179 347 3233 vides
365 3197 424 3235 eam
440 3178 572 3249 glossam,
599 3196 668 3248 quae
694 3177 722 3229 in
740 3176 834 3231 codice
857 3176 943 3231 multo
961 3178 1102 3233 vetustiore
1120 3180 1235 3250 margini

189 3279 254 3322 esset
270 3268 390 3339 adpicta,
409 3266 486 3322 nobis
503 3284 617 3320 servasse
628 3263 758 3317 veriorem
777 3263 946 3335 scripturam,
963 3283 1044 3335 quam
1058 3264 1121 3319 inde
1134 3284 1149 3318 a
1162 3264 1236 3319 Gro-

190 3356 268 3408 novio
285 3366 312 3409 et
330 3352 445 3409 Graevio
462 3354 583 3408 exhibent
600 3370 694 3405 omnes
719 3351 838 3422 itemque
856 3352 899 3406 ed.
925 3370 981 3424 pec.
1005 3354 1129 3423 Megunt.
1156 3357 1235 3410 1465.

190 3443 318 3498 Graevius
335 3453 424 3496 autem
443 3453 531 3497 reete:
547 3442 597 3508 „in
615 3460 690 3512 seqq.
709 3439 765 3493 nou
783 3439 904 3510 loquitur
921 3440 954 3493 de
973 3439 1082 3508 Crasso,
1100 3441 1146 3494 sed
1158 3459 1235 3494 com-

191 3542 271 3602 parat
284 3531 407 3584 virtutem
426 3547 488 3583 cum
507 3528 615 3583 divitiist
635 3557 667 3568 -
695 3546 759 3581 nam
784 3528 871 3581 statim
889 3528 1033 3582 subnectit:
1057 3530 1081 3580 si
1104 3530 1235 3582 oenaeudu

188 3618 260 3671 nobis
278 3627 361 3688 etque
380 3616 550 3669 aestimanda
569 3634 623 3668 res
641 3621 709 3669 est.·‘
745 3615 777 3668 ln
796 3632 828 3671 eu
845 3624 935 3668 autem
953 3615 1063 3683 erravit,
1083 3616 1156 3686 quod
1174 3634 1189 3668 a
1206 3637 1234 3671 se

189 3708 308 3777 primum
327 3714 465 3776 receptum
482 3702 637 3758 existimavit
655 3722 691 3757 re.
735 3701 817 3770 Quod
847 3702 910 3756 dixit
934 3701 1031 3755 Cicero
1055 3701 1151 3764 silebo,
1176 3703 1235 3756 ior·

187 3806 253 3848 tasse
272 3794 384 3847 miretur
401 3792 503 3863 aiiquis,
522 3802 675 3862 empeotans
691 3790 794 3854 tacebo,
813 3809 882 3860 quae
900 3800 939 3843 est
956 3789 1041 3861 glossa
1053 3789 1119 3843 cod.
1133 3787 1192 3844 Cra.
1200 3796 1233 3857 1.,

187 3881 233 3952 qui
251 3880 291 3935 bis
308 3881 372 3952 ipsis
391 3881 419 3933 iu
437 3879 523 3933 verbis
546 3878 649 3933 desinit.
692 3877 746 3931 seu
776 3877 856 3930 adeas
880 3876 1098 3932 Doederleinium
1125 3878 1153 3930 in
1179 3879 1235 3933 bat.

186 3967 291 4040 ὅμου.
310 3988 336 4021 u.
357 3968 474 4040 Etymoi.
491 3969 511 4021 1.
530 3970 709 4039 otta—88,
729 3966 776 4037 qui
795 3976 883 4019 tamen
904 3965 988 4018 uestri
1005 3964 1058 4019 loci
1074 3964 1126 4018 suit
1137 3964 1233 4019 imme-

187 4075 255 4110 mor.
298 4055 452 4128 Utrumque
477 4057 586 4111 verbum
613 4054 696 4108 iunxit
714 4054 811 4107 Cicero
836 4053 864 4106 iu
891 4051 941 4107 Or.
960 4072 1011 4123 pro
1029 4050 1103 4106 Sulla
1123 4053 1166 4116 29,
1184 4053 1234 4104 8⁰:

185 4144 229 4208 Si,
258 4161 339 4214 quum
358 4145 437 4197 ceteri
456 4144 487 4196 da
505 4144 579 4199 nubis
605 4143 732 4208 silent,
758 4129 811 4193 nou
835 4142 917 4193 etium
942 4150 1043 4194 nosntet
1065 4140 1118 4208 ipsi
1140 4146 1233 4187 taee-

188 4248 261 4280 mus
276 4261 283 4285 ι
299 4244 383 4299 grave
402 4240 453 4283 est.
488 4231 529 4284 Ad
547 4219 712 4287 t‘oeutiouem
732 4230 823 4284 laudat
842 4229 922 4299 Borq.
940 4228 1041 4281 Livium
1052 4229 1095 4290 3⁴,
1107 4228 1138 4278 5:
1156 4226 1232 4275 Rem
