3059 4925
494 475 688 524 rsasooxur
713 478 736 523 r.
775 478 843 525 cer.
867 480 902 527 u.
1179 464 1228 535 69

177 635 345 695 Porsennae,
363 640 392 683 ut
409 630 550 686 ediderunt
568 631 669 688 Gernb.
690 643 717 690 et
729 634 782 688 Or.
803 654 865 689 eum
885 636 1034 708 plerisque;
1063 659 1226 713 quamquam

178 716 228 772 Or.
246 715 359 787 simpllci
378 736 396 770 n
415 719 514 772 rectius
533 720 641 791 scripsit
658 720 710 776 boc
727 741 828 776 nomen
846 724 875 776 in
893 722 1084 793 Onomastieo,
1109 730 1227 801 itemque

177 805 204 858 in
224 803 307 875 Epist.
325 804 358 857 ad
376 805 431 860 An.
450 805 495 871 lX,
514 809 560 871 tu,
577 810 604 861 3.
621 818 648 861 et
666 828 705 863 or.
725 827 777 879 pro
794 809 861 863 Sest.
875 813 918 876 tt,
934 814 978 865 48.
998 810 1095 870 Graeci
1113 817 1227 887 scripto·

177 910 218 946 res
236 892 357 945 scribunt
373 894 520 961 Πορσίνας,
538 889 691 963 Horatiae,
710 898 858 964 Πορσηνᾶς.
878 898 940 954 Mr.
1240 905 1242 912 ”

249 981 276 1030 0.
294 978 416 1030 Mucium
433 980 561 1048 impulin]
581 981 724 1048 „veterius
742 982 839 1037 libili.
852 1004 911 1056 cap.
930 987 963 1039 de
976 973 1134 1041 Patientia!⁸
1152 991 1226 1043 ntd.

177 1064 304 1118 Manat.
342 1064 403 1131 „De
422 1065 524 1150 Muqio,
543 1067 577 1122 de
596 1066 700 1122 Coclite
717 1069 738 1120 si
757 1069 1020 1143 quieampliusvolet
1037 1074 1136 1146 legere,
1154 1077 1226 1147 apud

176 1153 280 1208 Livium
297 1152 367 1207 libro
384 1152 417 1207 lb
436 1154 566 1207 inveniat:
586 1155 816 1226 quemadmodum
835 1158 869 1212 de
887 1162 917 1218 P.
936 1160 1020 1215 Decio
1040 1160 1156 1215 inbelle
1175 1162 1227 1214 La·

176 1239 249 1304 tino,
273 1240 360 1311 deque
384 1240 440 1293 eius
464 1240 519 1294 filio
544 1243 571 1293 in
600 1241 670 1294 bello
695 1242 845 1298 Samnitico
877 1267 904 1299 se
922 1248 1124 1315 deioreutibus,
1155 1249 1226 1303 idem

175 1325 250 1382 libris
269 1328 328 1380 Vlll
347 1339 372 1381 et
390 1327 424 1381 X.
441 1328 555 1399 scripsit.
573 1328 650 1383 Fra.
668 1328 757 1400 Sylr.
779 1332 846 1397 [bis.
859 1333 891 1398 ll,
911 1339 953 1387 tu.
972 1338 1021 1399 133
1041 1337 1139 1401 lt,1u·,
1158 1336 1225 1404 Vlll,

176 1417 203 1468 fl.-
223 1426 249 1467 et
276 1418 326 1477 tos
352 1413 410 1480 ΧΠ,
427 1418 472 1468 22.
497 1418 540 1469 24.
565 1417 620 1483 28.]
681 1415 771 1483 „Cum
799 1419 933 1487 Porsena,
958 1441 1001 1474 res
1027 1421 1225 1488 Hetruecnrum,

176 1500 339 1571 Tarquinios
351 1501 452 1555 ersules
477 1520 539 1556 cum
558 1502 711 1573 ingentibus
729 1505 814 1575 copiis
833 1507 985 1574 reduceret,
1008 1510 1158 1583 urbemque
1176 1511 1226 1564 ob·

177 1586 289 1653 rideret,
306 1586 426 1655 tamtus,
444 1600 554 1660 accepta
574 1609 587 1644 e
606 1589 707 1644 Senatu
726 1593 918 1663 transfugiendi
934 1608 1077 1666 potestate,
1095 1596 1122 1649 in
1141 1608 1225 1651 cestre

178 1676 246 1746 regis
264 1674 346 1741 venit,
372 1678 399 1731 et
422 1688 601 1747 purpuratum
621 1677 755 1748 quendam
783 1698 832 1749 pro
851 1700 913 1752 rege
932 1682 1058 1753 deceptus
1082 1677 1224 1742 interfecit.

177 1764 210 1815 ad
230 1780 374 1835 regemque
394 1773 542 1834 pertractus
561 1764 717 1818 ardentibus
735 1764 804 1818 focis
818 1786 930 1821 manum
949 1769 1089 1840 imposuit,
1108 1768 1180 1839 quod
1196 1769 1224 1822 in

177 1849 259 1902 caede
274 1850 345 1920 regie
362 1862 503 1921 peccasset.
538 1851 670 1907 Martialis
687 1852 734 1907 lib.
753 1857 781 1907 1.
800 1855 856 1921 [22,
874 1875 897 1908 s.
916 1859 941 1909 1.
961 1857 998 1923 2.]

290 1941 363 1989 Dum
380 1949 482 2008 peteret
501 1958 587 2010 regem
606 1940 715 2011 decepta
735 1943 855 1994 satellite
874 1944 987 2010 dextra,

325 2026 423 2079 Iniecit
440 2027 525 2080 sacris
542 2046 570 2080 se
582 2028 710 2097 periture
725 2030 823 2099 sacis.“
842 2031 923 2084 And.
941 2031 1100 2085 Talaeus.

177 2109 308 2183 „Scripsit
325 2112 357 2166 C.
370 2112 504 2168 Mucius
521 2113 697 2169 Gulielmius:
726 2118 800 2189 quod
817 2118 857 2172 sic
875 2119 1060 2172 nominaretur
1079 2118 1181 2171 abitio
1200 2131 1225 2171 et

176 2198 336 2265 Plutarcb03
353 2221 440 2274 neque
459 2201 535 2256 aliter
552 2223 616 2257 sene
633 2202 713 2257 editio
734 2205 821 2276 prima
839 2208 1064 2277 membranaeque
1082 2205 1121 2258 M.
1141 2221 1173 2257 sc
1191 2206 1224 2257 V.

175 2287 314 2340 Posterius
336 2286 433 2359 vulgati
452 2291 582 2359 Quintum
601 2291 738 2357 maluere,
763 2292 837 2363 quod
861 2292 1008 2348 demiratur
1035 2292 1106 2345 viros
1132 2290 1225 2343 doctos

178 2392 233 2427 nou
251 2374 438 2428 examinasse.⁴‘
455 2375 593 2431 Gruter.
640 2377 745 2432 Nomen
764 2384 810 2444 0.,
829 2379 903 2450 quod
927 2379 955 2431 in
975 2378 1042 2431 Edd.
1066 2389 1127 2431 ante
1146 2376 1224 2430 Grut

176 2461 234 2515 fere
251 2462 378 2517 omnibus
400 2476 530 2521 mutatum
557 2477 595 2519 est
625 2465 653 2518 in
672 2468 721 2535 Q„
753 2466 902 2537 paucissimi
928 2466 1026 2519 babent
1053 2464 1128 2517 libri:
1157 2482 1225 2519 unue

176 2549 227 2603 Os.
239 2571 262 2604 σ.
277 2551 358 2605 Drsd.
376 2557 401 2605 2.
427 2551 533 2605 Suerin.
552 2552 600 2605 Ed.
619 2570 675 2623 pre.
691 2552 765 2623 Meg.
777 2557 856 2608 1465.
893 2554 923 2606 lu
942 2552 1010 2606 coe.
1031 2551 1090 2605 Cre.
1102 2554 1128 2603 1.
1147 2568 1225 2620 prae·

178 2656 277 2691 nomen
305 2639 393 2705 deest,
420 2640 447 2691 in
473 2639 567 2693 Duisb.
592 2640 716 2711 scribitur
739 2641 882 2709 Quintium
906 2641 1022 2709 impulit.
1057 2639 1086 2693 lu
1106 2635 1224 2706 Or.›pro

176 2724 261 2777 Sestio
282 2729 326 2791 21,
344 2729 388 2779 48.
405 2725 469 2779 item
487 2727 515 2779 in
535 2727 659 2781 omnibus
675 2726 750 2781 libris
766 2727 811 2781 bie
828 2730 938 2782 Mucius
955 2727 1105 2800 appellatur
1116 2728 1156 2796 Q,
1174 2724 1225 2776 ibi-

177 2831 228 2883 que
248 2811 312 2866 nibil
330 2814 464 2866 annotarit
482 2812 533 2867 Or.
579 2813 680 2869 sedin
705 2815 831 2869 lemmate
848 2815 1019 2869 scholiorum
1041 2813 1223 2875 Bobiensium,

177 2899 209 2950 ab
228 2900 261 2952 Α.
279 2898 351 2951 Maio
369 2912 538 2971 repertorem
561 2904 661 2973 putu.
685 2902 727 2955 ed.
749 2901 799 2957 Or.
824 2915 895 2956 recte
920 2902 1016 2956 dicitur
1043 2906 1070 2954 G.
1095 2899 1222 2952 Scholion

177 2997 264 3039 autem
283 2985 335 3039 boe
353 2997 407 3039 est:
424 2991 467 3039 Dc
486 2992 513 3041 0.
532 2990 625 3041 Mucio
644 2991 728 3043 Cordo
745 3010 798 3043 non
816 2989 942 3061 ignobilis
959 2988 1073 3042 historia
1091 2998 1149 3049 est,
1177 2989 1224 3058 qui

176 3074 250 3125 solus
267 3073 423 3127 adulescens
441 3078 531 3147 uigore
550 3077 634 3128 animi
650 3079 869 3141 strenuissimus,
887 3096 968 3148 quum
984 3076 1143 3129 Porsinnam
1160 3075 1224 3146 (sic)

175 3163 354 3213 Etruscorum
378 3178 463 3234 regem
488 3162 568 3215 uellet
594 3163 722 3227 nciam,
754 3165 881 3233 deeeptus
908 3164 1083 3216 similitudine
1113 3163 1224 3217 liabitas

174 3262 355 3320 purpuratam
372 3252 431 3303 eius
449 3251 559 3315 eccidit,
577 3252 830 3323 comprehensusque
848 3252 959 3303 uirtutis
978 3250 1107 3303 miraculo
1131 3249 1224 3301 dimis-

174 3346 221 3391 e'us
238 3348 286 3391 est.
321 3337 408 3391 locus
424 3348 513 3392 autem
524 3336 660 3404 orationis,
679 3337 725 3408 qui
743 3336 797 3391 buc
809 3337 888 3401 fecit,
907 3346 957 3390 est:
975 3336 1133 3407 praesertim
1142 3354 1224 3407 quum

174 3426 232 3477 eius
249 3443 333 3475 esrem
350 3426 486 3491 ciuitatis,
512 3444 544 3477 es
564 3443 619 3496 qua
638 3427 670 3496 Q.
688 3427 800 3479 Mucius
827 3425 901 3479 solus
925 3425 955 3478 in
973 3433 1065 3477 castra
1089 3425 1223 3475 Porsenae

174 3511 306 3573 uenisset,
330 3530 441 3585 eumque
456 3513 625 3582 interjicere,
648 3514 788 3583 preposita
812 3513 863 3565 sibi
879 3504 986 3575 morte,
999 3521 1112 3563 conatus
1136 3521 1221 3564 esset:

175 3615 208 3648 ex
226 3602 331 3668 qualP.
349 3600 450 3652 Decius
466 3601 582 3670 primum
597 3609 686 3669 pater,
701 3609 764 3668 post
782 3600 887 3671 aliquot
905 3618 990 3651 annos
1005 3599 1100 3667 putria
1119 3599 1222 3651 uirtute

172 3686 315 3752 praeditus
326 3686 424 3754 filius,
447 3705 476 3738 ee
493 3704 527 3739 ar
544 3686 632 3739 vitam
648 3703 740 3750 suurn,
763 3686 899 3741 instructa
919 3687 990 3748 aue,
1014 3704 1066 3754 pro
1082 3684 1172 3739 salute
1189 3689 1223 3738 P.

173 3772 208 3827 n.
227 3773 393 3844 uictorisque
411 3773 569 3827 &uerisset
584 3798 620 3815 -·
667 3774 721 3829 Pro
746 3774 848 3831 salutis
871 3792 938 3827 suae
958 3770 1045 3829 codd.
1072 3769 1132 3826 Cre.
1150 3775 1177 3825 1.
1197 3785 1223 3826 et

142 3920 149 3929 1
173 3856 245 3911 Gud.
263 3857 297 3912 C.
314 3878 381 3912 suae
398 3860 513 3923 salutis,
530 3860 619 3927 unde,
639 3880 701 3917 cum
720 3861 787 3917 absit
804 3880 870 3914 suae
889 3881 903 3913 a
922 3859 989 3914 cod.
1009 3858 1081 3915 Gud.
1099 3859 1149 3927 A„
1174 3859 1222 3911 ali-

174 3944 233 4014 quis
250 3946 388 4012 coniici‘at,
415 3965 482 3999 suae
499 3947 533 4000 ab
553 3946 638 4001 aliena
657 3966 739 4003 manu
758 3967 813 4001 esse
831 3947 956 4001 Ciceroni
974 3949 1121 4003 obtrusum.
1165 3945 1222 4015 Ego

173 4041 261 4084 tamen
282 4050 337 4086 non
355 4033 508 4087 obiecerim.
527 4033 586 4087 Mr.

244 4124 273 4173 0.
289 4121 424 4188 Muoimu]
444 4121 608 4177 Scaeuolam.
626 4123 723 4181 Facc.
1092 4194 1094 4199 .

245 4206 382 4274 Coclitem]
407 4206 550 4274 „Valerius
567 4209 614 4262 lib.
632 4209 674 4265 ΙΙΙ.
699 4228 757 4279 cap.
778 4210 810 4263 de
829 4207 1025 4285 l'ortitudine.⁴‘
1044 4203 1117 4257 Ate.
1136 4202 1223 4254 illan.
