3059 4925
294 450 343 526 62
615 474 789 524 memori
815 473 1008 525 ororooruu.

293 634 334 689 isti
355 635 441 699 bona,
460 633 505 687 sed
524 651 554 687 ea
573 633 679 700 omnia,
698 631 771 686 unde
790 632 997 689 delectationem
1016 645 1043 689 et
1060 632 1207 707 voiuptatee
1224 634 1342 705 capiunt,

294 724 367 776 boua
384 720 535 793 appeliant,
564 740 633 792 quae
649 720 762 774 minime
782 722 935 792 comparari
954 731 1065 792 potsunt
1088 739 1151 775 cum
1171 720 1251 773 robur
1268 722 1347 791 gestia

296 830 329 866 ac
346 809 500 874 virtutibus,
520 808 634 880 quibus,
652 807 728 880 quasi
745 807 888 879 gradibus,
906 810 935 861 in
952 807 1056 863 caelum
1072 807 1189 862 escendit
1207 806 1346 860 Romuiur.

294 897 421 952 Ceterum
443 895 494 948 vid.
514 894 548 948 G.
567 896 600 949 T.
623 896 656 948 Α.
675 894 827 966 Kriiger:
852 895 904 949 Die
921 897 1075 951 Attraction
1094 895 1121 949 in
1141 895 1189 949 der
1207 896 1263 949 bat.
1282 894 1346 965 Spe.

295 1006 322 1056 p.
336 987 473 1039 tiu-10⁰.
492 1012 526 1023 -
554 981 681 1035 Ceterum
701 980 769 1034 cod.
788 982 869 1035 Drsd.
884 985 910 1037 3.
928 982 1007 1037 babet
1025 984 1138 1054 dieque
1154 999 1265 1053 neque
1282 982 1347 1041 tut,-

294 1070 346 1124 Ed.
363 1071 425 1123 Par.
442 1090 464 1123 s.
477 1088 502 1123 a.
522 1079 548 1122 et
566 1067 634 1121 Cod.
652 1067 724 1120 Gud.
738 1067 769 1121 B.
787 1068 831 1120 luia
849 1088 951 1141 nuqua
973 1070 1055 1123 Drod.
1070 1075 1095 1123 5.
1113 1071 1281 1140 appellarant
1298 1085 1348 1140 pro

296 1156 446 1225 appeliant.
482 1155 575 1226 Pergit
587 1154 659 1210 Gud.
674 1155 706 1208 Α.
725 1165 788 1206 aut
807 1154 885 1209 rebus
896 1157 994 1227 gratie,
1011 1155 1072 1210 Cra.
1087 1161 1112 1210 ².
1124 1176 1162 1210 on
1177 1155 1257 1209 rebus
1269 1156 1348 1208 bene

295 1244 388 1316 gratie,
407 1260 469 1297 cum
489 1242 540 1297 0¹.
557 1242 599 1309 E,
617 1253 732 1314 uterque
751 1261 814 1297 cum
831 1242 911 1296 Drad.
930 1246 954 1298 3.
973 1241 1053 1297 babet
1069 1262 1112 1295 an
1130 1242 1279 1295 virtutibue
1296 1261 1348 1313 pro

295 1339 406 1402 utque
424 1330 592 1391 virtutibm
610 1341 638 1383 et
655 1329 753 1384 babent
772 1330 824 1383 boo
842 1348 879 1381 on
896 1328 966 1383 Edd.
984 1330 1054 1383 Ven.
1071 1332 1151 1384 148³.
1169 1331 1250 1383 14⁹2.
1267 1331 1348 1382 1514.

295 1419 379 1474 Parii.
399 1422 478 1473 1507.
495 1416 583 1476 ,flttn
600 1417 634 1487 (r.
653 1415 671 1470 l.
690 1427 716 1470 et
733 1416 771 1484 a.)
796 1414 1038 1487 Ed.op.N1eueei.
1065 1415 1131 1487 Arg.
1150 1418 1231 1470 1515.
1261 1413 1347 1484 bugd.

296 1508 375 1560 toto.
412 1504 471 1556 Mr.
726 1535 729 1542 .
754 1535 758 1542 ·
856 1521 858 1528 ‘
995 1523 997 1530 ’
1054 1537 1056 1542 ι
1276 1499 1278 1504 ’

368 1591 443 1660 Quid
466 1601 557 1643 autem
582 1592 674 1643 Numa
698 1590 880 1660 Pompiliur?]
909 1593 1028 1656 „Autem
1055 1590 1129 1646 abest
1154 1592 1187 1644 ab
1214 1591 1347 1644 omnibus.

295 1687 377 1732 recte.
413 1679 562 1748 Pormiliue
580 1678 654 1732 abest
670 1678 704 1732 ab
725 1696 790 1732 uuo.
827 1679 900 1747 Quia
919 1681 1030 1734 verbum
1048 1679 1219 1745 subauditur,
1245 1698 1347 1745 vereor,

292 1784 329 1820 nn
347 1767 406 1838 quis
424 1778 524 1821 temere
543 1767 633 1821 iocum
652 1765 777 1820 mutarit:
808 1785 870 1819 cum
890 1768 918 1819 in
938 1768 1098 1838 quibusdam
1117 1767 1277 1837 impressum
1296 1765 1348 1821 boc

294 1854 376 1907 modo
395 1853 512 1924 legatur:
531 1853 626 1923 Quid?
642 1872 661 1904 a
680 1856 772 1904 Numa
785 1855 916 1923 Pompilio
933 1855 1022 1906 adnuo
1039 1872 1072 1905 ne
1087 1863 1185 1924 grutae
1202 1864 1254 1905 etc.
1274 1852 1347 1922 quod

294 1941 360 1995 mibi
379 1941 505 2012 quidem,
523 1960 589 2011 pace
608 1939 718 1993 dixerim
736 1941 879 1995 doctorum
898 1940 1054 2004 bominum,
1078 1939 1147 1992 baud
1168 1938 1230 1992 satis
1247 1937 1348 2008 proba·

296 2042 348 2084 tur.
383 2027 529 2080 subaudiri
548 2037 573 2078 et
592 2025 643 2079 boc
661 2026 764 2079 videtur
782 2044 859 2097 poste
877 2036 904 2079 et
920 2026 971 2079 aiio
989 2025 1151 2080 consimilia:
1171 2026 1245 2094 Quid
1256 2026 1348 2076 Numa

296 2113 467 2183 Pompilius?
484 2112 624 2165 videturne
642 2111 717 2165 vobio
734 2123 781 2166 aut
798 2112 880 2166 videri
898 2113 1024 2184 cuiquam
1046 2123 1147 2185 potest,
1166 2111 1280 2165 deomm
1298 2112 1348 2164 be-

297 2198 476 2256 nevolentiam
494 2193 558 2252 ideo
581 2217 638 2252 non
663 2217 719 2252 esee
745 2212 937 2269 consecutum,
964 2201 1026 2272 quia
1045 2220 1101 2254 non
1119 2199 1224 2254 iiiicatir¹
1240 2200 1347 2270 paterio,

295 2298 325 2341 ut
340 2285 473 2340 luxuriosa
492 2287 644 2357 posteritas,
671 2303 763 2340 rerum
785 2286 911 2341 fictilibus
933 2287 1039 2342 umuiia
1056 2299 1083 2341 et
1101 2288 1240 2359 capidibus
1258 2288 1285 2340 in
1304 2305 1347 2340 eo·

295 2372 442 2429 crificando
461 2385 589 2428 uteretur.
624 2374 682 2430 Nec
699 2374 808 2441 dubito,
831 2376 899 2446 quin
917 2375 995 2430 buius
1016 2377 1123 2447 generis
1140 2376 1259 2447 exempla
1274 2375 1346 2429 inter

294 2461 440 2535 legendum
464 2461 514 2517 alia
541 2466 715 2518 occurrant.“
739 2461 814 2517 nid.
830 2462 964 2519 Manut.
1006 2462 1178 2531 „Lectionem
1206 2460 1299 2532 Quid?
1325 2481 1344 2512 a

296 2555 387 2605 Numa
404 2552 537 2622 Pompilio
553 2562 619 2623 puto
639 2568 728 2605 verum
746 2564 818 2616 etse,
838 2551 987 2606 imitatione
1006 2550 1124 2606 Graeca:
1141 2548 1190 2608 τὰς
1207 2546 1280 2619 uapri
1295 2548 1346 2600 τοῦ

294 2642 392 2701 Νουμᾶ
409 2634 512 2708 idplue.
547 2639 617 2691 Atii:
644 2640 718 2708 Quid
741 2641 832 2690 Numa
856 2638 1025 2708 Pompilius?
1049 2641 1170 2691 ndnume
1186 2647 1285 2707 gratos
1303 2662 1349 2685 -.

295 2726 350 2780 Sed
369 2737 438 2793 tum,
455 2728 506 2781 niti
526 2727 639 2782 addatur
656 2728 723 2784 eius,
743 2725 834 2780 hiulca
853 2728 903 2780 erit
921 2728 1114 2783 constructiodi
1132 2724 1291 2779 H.·Woii.
1312 2752 1346 2765 -—

295 2815 352 2871 Nec
367 2826 457 2869 umen
475 2814 596 2868 deditii.
614 2815 663 2868 W.
681 2814 708 2867 in
731 2815 867 2880 contextis,
885 2815 958 2887 quod
978 2815 1101 2886 probarit
1116 2813 1144 2865 in
1163 2811 1348 2878 annotatione,

294 2903 355 2957 aed:
374 2901 466 2973 Quid?
485 2905 590 2955 Numae
603 2902 730 2970 Pompilii
745 2902 866 2954 minum
881 2913 981 2973 grutae
996 2900 1048 2955 diis
1063 2929 1098 2941 -
1108 2900 1262 2972 fuiseeetc.
1286 2897 1318 2950 M
1324 2916 1346 2951 r.

366 2984 461 3058 Quid?
487 3005 508 3039 a
531 2989 623 3043 Numa
646 2988 792 3057 Pompilio,
820 2990 940 3042 aditurae
958 2990 1004 3056 -]
1033 2987 1114 3055 „Non
1139 2986 1261 3058 displicet
1283 2985 1349 3041 baec

295 3075 442 3146 scriptura,
464 3075 574 3131 *iuventa
592 3075 622 3128 in
638 3074 697 3128 Pal.
717 3074 824 3128 duobus
839 3086 869 3129 et
885 3075 914 3130 S.
933 3076 1051 3132 Victorii
1068 3076 1245 3140 membranieg
1273 3085 1347 3130 tanto

295 3161 405 3234 quidem
418 3162 532 3229 ¹nainue,
557 3162 632 3234 quod
653 3181 714 3217 eam
738 3162 944 3234 repraesentavit
963 3164 1098 3220 Victorius
1120 3163 1295 3235 probavitque
1312 3161 1345 3216 Η.

294 3247 427 3316 Woiiiua,
452 3261 483 3304 ut
501 3268 598 3320 wera
614 3249 763 3304 imitatione
783 3251 922 3323 prolatam.
959 3251 1027 3306 Atii:
1056 3252 1129 3322 Quid
1145 3261 1237 3303 autem
1256 3252 1346 3302 Numa

295 3336 465 3405 Pompilius?
501 3335 586 3404 Sunt,
612 3338 754 3409 quietiam
774 3340 881 3394 malint:
908 3339 1002 3410 Quid?
1031 3342 1137 3390 Numae
1153 3337 1279 3406 Pompilii
1296 3337 1347 3387 mi-

295 3441 348 3475 m..
367 3433 419 3477 eu.
454 3422 509 3476 seu
527 3424 565 3478 su
583 3425 650 3477 nunt
667 3424 747 3480 mss,
767 3429 868 3494 nuru,
891 3427 959 3480 nun
973 3410 1041 3479 ‘uu
1059 3427 1173 3497 nepotis.
1194 3424 1347 3478 urum.

365 3510 440 3579 Quid
458 3512 549 3562 Numa
566 3512 746 3582 Poupituut]
772 3514 815 3569 ΑΙ.
834 3514 927 3586 Quid?
944 3534 962 3566 u
982 3517 1073 3567 Numa
1089 3514 1228 3582 Pompilio,
1246 3511 1347 3563 minua-

296 3613 329 3646 ne
348 3604 398 3650 ete.
434 3595 479 3649 ΑΙ.
498 3599 574 3667 Quid
591 3609 683 3651 autem
702 3602 793 3653 Numa
811 3602 983 3674 Pompilius?
1018 3581 1114 3656 iaec.
1207 3632 1209 3641 ν

367 3683 461 3752 Quid?
486 3702 504 3734 o
530 3688 621 3737 Numa
639 3687 801 3755 Pompilio?]
828 3689 907 3755 „i..e.
929 3689 1040 3743 vultisne
1063 3709 1078 3742 a
1101 3688 1190 3741 Numa
1213 3683 1347 3756 Pompilio

297 3764 475 3837 incipiamus?
510 3769 598 3823 Numa
615 3771 765 3844 Pompilius
789 3774 818 3827 ia
837 3775 1099 3832 „conuiuiorum
1116 3792 1175 3827 vasa
1193 3772 1347 3844 simpliciter

297 3853 367 3906 facte
386 3864 413 3907 et
430 3854 551 3925 figulina,
569 3857 588 3912 i.
605 3876 628 3910 e.
646 3857 750 3915 fictilia:
775 3861 886 3916 urnulas
903 3874 930 3916 et
947 3862 1096 3934 capediner,
1115 3863 1132 3913 i.
1149 3879 1174 3914 e.
1192 3877 1259 3923 raia,
1278 3876 1348 3929 qaue

298 3938 361 3994 aneti
387 3942 447 4012 capi
474 3953 500 3996 et
524 3943 654 4015 prehendi
678 3959 795 4018 portent.
835 3949 931 4004 Postea
949 3960 1084 4004 crescente
1101 3944 1348 4000 lururiainduetae

297 4038 360 4082 runt
373 4035 488 4098 paterae,
507 4049 565 4085 vara
583 4032 620 4086 ita
635 4034 707 4089 dicta
726 4056 741 4089 a
758 4037 884 4107 patendo,
902 4048 929 4091 et
942 4037 1051 4109 quidem
1064 4033 1170 4100 iiiicata,
1187 4032 1205 4086 i.
1218 4052 1242 4086 e.
1261 4031 1347 4085 multo

298 4112 411 4169 artificio
430 4114 567 4171 &beata
584 4119 617 4172 ad
635 4120 836 4177 similitudinem
854 4124 973 4190 fruticis,
992 4123 1039 4195 qui
1056 4120 1108 4173 tilia
1127 4118 1274 4174 dicebatur.
1309 4118 1347 4171 ita

300 4201 409 4273 quidem
427 4200 453 4258 b.
472 4203 491 4261 l.
514 4206 705 4279 interpretatam
729 4209 845 4281 Longius
868 4230 898 4264 ex
916 4211 995 4266 Festo
1013 4211 1042 4263 in
1061 4227 1083 4262 r.
1094 4208 1232 4276 filicotur.
1266 4202 1348 4259 Conf.

1509 599 1518 659 i
