3059 4925
494 453 690 500 rnnsnoxou
713 452 762 498 ur.
793 453 862 498 cnr.
887 453 921 498 u.
1167 427 1239 498 159

186 617 223 667 tis
245 644 274 655 -
295 632 360 667 suns
385 614 403 666 i.
423 632 446 667 e.
466 613 512 683 qui
538 622 679 682 propterea
706 629 734 662 se
752 620 903 663 excusatum
927 619 1017 680 putet,
1047 608 1119 679 quod
1145 613 1239 679 peecass

187 703 251 756 verit
270 701 396 774 quidem,
415 700 460 753 sed
480 718 568 770 neque
586 713 665 769 saepe
683 716 773 769 neque
792 698 897 768 magnis
914 697 943 751 in
961 696 1067 750 rebus.“
1085 695 1117 747 fl.
1135 696 1240 749 Wolf.

258 804 445 872 dimetientem]
471 802 563 874 „quod
593 811 686 873 poetae
715 801 803 854 lacere
829 801 914 855 solent
932 803 1050 856 earmina
1068 802 1240 855 dimetientes.

187 893 255 945 Vide
273 891 413 945 Horatium
433 890 461 942 in
480 888 563 960 Epist.
583 888 616 941 ad
635 887 744 940 Pisones
758 907 781 940 v.
800 891 880 942 274ss
898 889 920 941 F
927 908 995 943 acc.

258 998 335 1065 Quae
353 994 377 1046 si
395 994 454 1046 visa
473 1003 538 1045 sunt
557 992 679 1044 breviora
698 993 744 1059 -]
765 990 812 1057 „ld
834 1004 887 1046 est:
912 995 932 1046 si
950 994 1039 1046 minus
1057 993 1136 1065 longe
1156 1012 1242 1046 reces-

187 1084 251 1137 seris
269 1102 284 1135 a
304 1082 408 1147 medio,
436 1082 453 1133 i.
472 1100 494 1136 e.
521 1101 535 1133 a
564 1081 687 1133 virtute.“
732 1080 846 1131 Leviora
866 1110 901 1121 -—
919 1082 1016 1134 videri:
1045 1080 1241 1151 „luterrogatio

189 1182 225 1224 est
244 1168 630 1223 asseverationem'includens
655 1166 699 1220 illa
727 1168 853 1239 quidem,
884 1168 928 1221 sed
957 1167 1022 1221 nihil
1050 1169 1191 1241 probans.“
1209 1168 1241 1219 H.

188 1256 293 1309 Wolf.
329 1256 437 1322 „Verba
456 1266 519 1309 sunt
538 1256 607 1320 eius,
634 1275 716 1326 quem
735 1268 830 1309 auctor
849 1255 926 1327 lingit
951 1257 1000 1309 sibi
1020 1257 1241 1327 respondentem:
1328 1289 1332 1294 -

188 1347 211 1396 si
229 1346 287 1396 visa
306 1355 380 1408 suist,
399 1344 494 1415 inquit,
515 1342 655 1409 breviora,
673 1341 725 1396 hoc
744 1355 782 1395 est
802 1344 915 1408 minora,
934 1344 1087 1395 iudicentur
1105 1344 1186 1394 etiam
1205 1346 1243 1394 le-

190 1433 275 1486 viora.
312 1436 414 1497 Breve,
433 1451 482 1502 pro
503 1450 601 1501 parvo,
627 1429 728 1501 ubique
747 1432 852 1484 obviam
872 1443 925 1486 est:
950 1432 994 1484 sed
1022 1431 1084 1484 risus
1103 1443 1191 1486 tamen
1211 1452 1243 1484 eo

188 1518 269 1571 videri
289 1519 370 1588 possit
388 1530 499 1589 propter
516 1518 662 1571 institutam
689 1520 920 1589 comparationem
947 1503 1110 1590 sillabarum
1136 1521 1243 1591 quanti·

189 1609 267 1659 tate.“
296 1604 327 1660 C.
353 1606 455 1677 Lang.
507 1606 596 1673 „Visa
624 1605 678 1657 sint
696 1589 843 1658 breviora(
862 1609 962 1659 leviora
990 1609 1037 1677 qni
1064 1610 1169 1676 possint
1193 1620 1242 1663 etc.

189 1695 269 1748 Recla
290 1694 397 1765 quidem
418 1693 520 1746 videlur
539 1692 605 1746 haee
624 1692 768 1765 scriptura:
798 1694 842 1747 sed
871 1714 905 1747 ne
925 1714 954 1746 ea
974 1694 1082 1765 quidem
1100 1695 1242 1748 reiicienda

189 1795 240 1848 est,
261 1801 341 1853 quam
361 1781 388 1834 in
408 1778 476 1833 Cod.
493 1773 661 1833 Memmiano
680 1780 844 1852 adscriptam
863 1782 964 1853 reperi:
983 1782 1013 1832 Si
1031 1784 1090 1833 visa
1110 1781 1244 1833 sumbre-

190 1873 279 1922 viora:
299 1871 399 1923 leviora
419 1869 468 1941 qui
484 1866 634 1938 possinti’“
670 1868 822 1923 Lambiu.

261 1974 356 2045 digitis
375 1973 552 2025 dimetientem
571 2002 604 2011 -
625 1971 760 2038 breviora,
779 1974 880 2026 leviora
899 1975 951 2043 -]
983 1975 1074 2042 „llaec
1092 1975 1147 2047 ipsa
1167 1994 1243 2029 eom-

191 2063 292 2133 paratio
312 2080 367 2113 uon
385 2060 490 2131 probet,
510 2059 583 2130 quod
604 2059 658 2112 vult
676 2063 801 2128 (peccota
819 2062 907 2113 omnia
920 2080 976 2113 esse
991 2063 1101 2132 paria)s
1120 2062 1165 2115 sed
1178 2082 1244 2134 pro-

190 2151 250 2214 bat,
270 2149 342 2219 quod
362 2166 416 2201 non
438 2148 500 2199 rull.
537 2144 663 2199 Ceterum
683 2145 780 2200 Cicero
798 2149 891 2202 alludit
911 2149 943 2201 ad
962 2150 1179 2222 supputationem
1199 2171 1243 2204 ve-

192 2248 293 2303 terum,
313 2256 381 2308 quae
401 2235 546 2305 digitorum
565 2233 634 2287 llesu
652 2233 747 2300 fiebat,
769 2246 798 2289 ut
816 2235 888 2301 Beda
908 2236 1001 2300 docet,
1027 2238 1067 2290 vel
1091 2237 1124 2290 ad
1143 2225 1243 2308 politas,

192 2326 237 2396 qui
257 2324 337 2395 pedes
354 2341 478 2375 versuum
497 2321 586 2392 digitis
604 2322 768 2388 metiuntur¹
801 2334 830 2376 ut
849 2334 888 2377 est
916 2323 987 2394 apud
1006 2323 1155 2378 Horatium.
1179 2319 1241 2392 [vid.

191 2411 311 2482 Wyu.]“
331 2409 412 2464 And.
429 2410 501 2464 Tal.
1179 2407 1181 2410 ’

263 2516 396 2583 breviore]
426 2517 534 2583 „minus
552 2527 655 2570 extensa
675 2527 701 2570 et
730 2517 876 2588 producta,
903 2527 1008 2588 sumpta
1037 2515 1242 2570 similitudines

190 2604 353 2676 syllabarum
371 2605 544 2674 quantitate.“
562 2604 659 2659 Face.

261 2713 291 2761 Si
308 2713 367 2763 visa
377 2723 442 2762 sunt
461 2709 709 2776 breviora,«tevi0ra
720 2712 873 2776 videantur.
892 2713 946 2781 Qui
961 2711 1066 2780 possint
1080 2711 1165 2763 videri
1179 2713 1241 2778 eto]

190 2799 247 2862 „lta
266 2817 327 2851 cum
347 2798 467 2851 Victorio
486 2810 511 2851 et
528 2799 629 2869 Langio
648 2799 714 2870 regii
734 2800 847 2853 codices.
891 2798 944 2851 Atii
963 2798 1101 2850 mendose:
1131 2801 1242 2869 quaesi

190 2885 252 2936 visa
269 2895 334 2937 sunt
353 2884 488 2949 breuiora,
514 2886 614 2938 leviora
642 2890 688 2958 qui
702 2888 809 2956 possint
828 2886 913 2938 videri
930 2888 1000 2939 ete.“
1029 2883 1244 2938 Lallemand.

192 2971 326 3037 „Leviora
353 2972 369 3024 l.
389 2991 412 3026 e.
437 2973 550 3039 minoris
568 2973 706 3026 momenti.
741 2973 796 3025 Pro
815 2972 887 3025 Mur.
904 2975 955 3025 tt:
985 2973 1034 3023 sed
1056 2975 1080 3025 si
1105 2973 1171 3023 haec
1197 2973 1242 3024 less

192 3059 293 3111 viora
313 3059 401 3125 ducis,
419 3070 571 3131 quaesunt
589 3061 761 3133 gravissima.
808 3060 886 3114 Coni.
910 3078 960 3131 pro
985 3059 1078 3115 Plane.
1097 3062 1141 3113 35.
1167 3059 1245 3113 Verr.

192 3145 213 3214 l,
233 3150 257 3199 8.
293 3145 383 3216 Nepos
400 3136 488 3201 Praei.
508 3160 534 3202 et
552 3150 604 3202 Att.
623 3150 686 3203 13.“
704 3149 803 3219 Borg.
821 3178 857 3188 ·-
907 3149 1058 3214 „Breviora
1079 3167 1135 3199 non
1162 3147 1243 3217 perti·

194 3244 259 3288 nent
275 3233 308 3286 ad
328 3253 431 3286 versum
451 3254 504 3289 una
523 3235 622 3307 syllaba
642 3237 792 3289 breviorem
816 3245 864 3288 aut
883 3234 1034 3304 longiorem
1060 3251 1140 3305 quam
1160 3250 1245 3303 opor-

193 3331 244 3384 tet,
263 3338 325 3393 nam
340 3319 459 3392 alioquin
479 3323 557 3377 etiam
570 3323 611 3376 ‘de
629 3322 752 3396 longiore
770 3324 847 3375 ‘versu
866 3321 1089 3375 debebatmentio
1108 3320 1175 3387 lieri,
1195 3339 1244 3372 ne·
1280 3318 1285 3325 “

193 3426 245 3478 que
263 3406 315 3461 hoc
339 3408 401 3461 satis
427 3423 589 3482 congrueret
612 3432 674 3466 eum
701 3412 821 3485 sequenti
846 3411 964 3462 meliora.
1008 3409 1138 3461 Breviora
1162 3408 1244 3479 igitur

192 3514 304 3565 peccare
323 3496 435 3563 dicitur,
459 3499 480 3550 si
500 3499 558 3569 quis
577 3519 605 3552 se
627 3519 642 3552 a
661 3510 733 3554 reeta
753 3498 855 3553 virtutis
873 3497 912 3550 eia
931 3495 1117 3550 tantummodo
1144 3494 1243 3548 brevis-

192 3583 259 3636 simo
277 3584 362 3655 spatio
381 3586 522 3640 removit.“
540 3587 719 3656 W'yttenb.

263 3691 340 3757 Quae
363 3691 388 3741 si
414 3690 473 3742 visa
497 3690 715 3758 semiramem,
743 3691 845 3742 leviora
864 3688 911 3760 qni
925 3688 1030 3757 possint
1050 3686 1134 3739 videri
1143 3685 1169 3755 ?]
1205 3686 1243 3742 lta

192 3772 257 3827 Oxx.
277 3795 302 3842 η.
321 3792 351 3838 ψ.
368 3775 429 3829 Bas.
449 3775 506 3828 Cra.
523 3782 548 3830 2.
565 3778 639 3847 (sed:
657 3778 682 3829 si
699 3778 755 3831 sint
773 3775 847 3844 visa)
858 3778 883 3829 3.
901 3774 951 3829 Ed.
967 3793 1023 3845 pre.
1034 3777 1112 3829 1465.
1129 3776 1244 3829 Lambb.

193 3857 269 3914 Grut.
295 3860 382 3916 Gron.
408 3862 503 3916 Graes.
527 3863 611 3916 verb.
636 3863 700 3916 Ern.
724 3865 811 3916 Weta.
836 3861 923 3916 Schtz.
953 3861 1035 3934 Borg.
1060 3863 1110 3918 Or.
1138 3864 1244 3933 Quibus

193 3947 312 4016 proxime
331 3951 478 4017 accedunt,
507 3952 553 4023 qui
578 3950 676 4004 habent
701 3952 772 4002 sint:
795 3950 897 4003 Cret.
923 3949 972 4003 Ed.
999 3971 1041 4022 ap.
1061 3951 1145 4005 Meus.
1164 3952 1243 4004 ndlb.

193 4054 211 4086 s.
229 4034 247 4088 l.
267 4047 293 4089 et
311 4055 334 4090 a.
355 4038 422 4091 Ven.
440 4042 519 4093 1492.
536 4040 597 4093 Par.
619 4050 685 4103 tres,
704 4037 788 4109 Lugd.
808 4040 873 4108 Arg.
890 4039 963 4090 Crat.
981 4037 1069 4091 llerw.
1087 4037 1166 4091 Boul.
1180 4040 1243 4090 Car.

194 4120 285 4195 Stepls.
303 4124 374 4178 And.
392 4126 451 4179 Tal.
478 4127 578 4181 Sturrn.
598 4127 659 4181 Ald.
679 4129 757 4180 1145.
788 4124 863 4196 sylb.
881 4124 976 4189 Face.;
1001 4126 1029 4177 in
1056 4123 1125 4175 Edd.
1149 4121 1245 4193 Magn.
1300 4119 1303 4123 ’

195 4208 270 4266 Man.
289 4211 350 4264 ΑΜ.
370 4215 449 4267 1511.
469 4218 546 4268 1551.
566 4227 616 4269 est:
635 4216 665 4267 Si
684 4215 817 4267 visasint
836 4223 887 4264 ete.
905 4211 1002 4264 omisso
1021 4226 1107 4280 quaet
1126 4209 1154 4260 in
1174 4208 1241 4263 Edd.
