3059 4925
641 461 835 509 austurio.
1216 463 1261 509 vu
1349 423 1353 430 Ι

211 647 267 694 me
291 646 430 711 operum
455 627 602 703 ddum,
630 633 674 706 ut,
701 646 788 710 quue
811 631 852 694 ad
877 630 1062 708 lectionem,
1089 631 1131 695 ud
1156 633 1260 697 ratio·

211 764 289 811 nem
311 747 558 827 grammaticam
585 748 618 810 et
643 746 686 810 ad
707 753 938 827 argumentum
963 748 1125 827 iacerent,
1158 751 1259 816 asier-

213 882 301 943 mm,
340 864 657 946 quantumutridem
690 864 725 927 in
748 865 812 929 troo
837 870 1000 932 terrarum
1033 867 1155 947 angulo
1189 869 1260 932 fieri

213 991 341 1070 posset,
367 991 403 1050 ut
429 957 574 1066 nequid
601 987 872 1066 praetermissum
896 987 1062 1051 videretur
1088 988 1139 1051 vei
1167 988 1260 1051 inco-

212 1111 262 1173 riu
287 1107 339 1171 vei
365 1103 572 1170 festinatione
597 1108 648 1170 vei
674 1108 810 1187 operosi
836 1108 959 1171 laboris
979 1105 1109 1171 toedio:
1142 1124 1261 1187 quam-

213 1241 315 1310 puam
334 1227 434 1304 nihii,
470 1226 560 1306 quod
593 1243 715 1308 operae
742 1226 1114 1309 murmuratorem,
1147 1228 1261 1293 deesse

212 1345 364 1432 equidem
390 1351 559 1430 praestare
584 1349 720 1414 minime
743 1349 860 1413 ausim.
924 1346 1052 1425 Quodsi
1091 1364 1172 1410 vero
1199 1348 1260 1414 aii-

212 1468 290 1552 quid
315 1470 384 1532 sive
409 1467 576 1532 omissum-
597 1469 668 1531 eive
694 1463 906 1532 commissum
941 1465 1122 1541 ridebitur,
1155 1483 1198 1529 uo
1227 1467 1290 1531 id·

212 1586 319 1650 solum
337 1587 481 1650 tribuant
507 1583 631 1649 iuuieoe
655 1584 923 1650 adiumentorum
945 1585 1104 1665 penuriae
1130 1577 1260 1669 (quam-
1292 1611 1294 1614 ’

212 1719 312 1785 quum
332 1719 374 1766 uo
397 1704 439 1767 its
472 1703 605 1784 quidem
640 1701 687 1765 uti
722 1703 814 1764 liouit
845 1703 1017 1778 omuibus,
1051 1718 1137 1781 quae
1172 1703 1261 1767 houd

212 1822 327 1903 prooui
353 1821 471 1885 abesse
494 1815 643 1906 soiremr)
677 1818 736 1884 sed
775 1821 874 1884 etiam
905 1820 1034 1883 muneri
1060 1819 1260 1890 scholastico

212 1937 349 2022 dupio,
389 1939 481 2020 puori
512 1955 614 2020 quum
638 1940 756 2002 merito
792 1939 854 2006 sbi
875 1935 1034 2020 deposeat
1054 1953 1167 2006 euram
1191 1940 1261 2018 pri-

212 2059 367 2136 mariam,
393 2071 533 2138 eamque
558 2073 601 2122 ue
627 2059 763 2123 minima
790 2058 924 2140 quidem
952 2058 1017 2121 diei
1038 2062 1131 2139 parto
1158 2057 1260 2123 inter-

211 2179 363 2254 missum,
388 2173 627 2257 permultorum
654 2175 826 2241 hominum
841 2177 1103 2257 interpellatione
1118 2180 1259 2253 auctam,

211 2298 268 2361 vix
294 2309 395 2360 uuum
420 2288 602 2359 uituramvo
625 2293 744 2358 uorum
770 2295 857 2358 euris
890 2296 988 2376 piane
1013 2296 1151 2359 liberam
1177 2313 1261 2360 oon*

211 2413 325 2491 cessit,
350 2416 388 2477 ut
408 2413 599 2494 saepissime
626 2413 660 2476 iu
682 2412 793 2479 medio
819 2429 921 2495 opere
953 2412 1111 2483 aliorsum
1138 2423 1261 2479 avom·

210 2539 283 2612 tus,
308 2532 387 2610 vis,
414 2548 499 2613 quae
525 2532 681 2601 moiroutu
693 2534 899 2614 reliquissem
920 2530 1085 2597 memorie
1100 2548 1260 2597 revocare

212 2669 252 2717 ae
276 2652 430 2732 suppiore
452 2650 575 2716 lioeret.
626 2649 721 2729 Quae
740 2668 843 2732 quum
870 2653 919 2716 ita·
940 2652 1021 2728 siut,
1047 2650 1119 2714 ueri
1144 2651 1260 2731 potuit,

212 2776 265 2849 ut,
292 2786 393 2853 quum
414 2786 457 2833 ne
481 2771 628 2850 relegero
655 2768 786 2852 quidem
821 2771 941 2835 librum
974 2771 1045 2833 siue
1069 2769 1259 2850 interpolla-

210 2888 338 2953 tonnus
363 2889 496 2968 liueret,
517 2889 682 2970 quaedum
705 2906 774 2953 uon
791 2889 871 2953 satis
897 2889 1078 2970 perpolita,
1100 2885 1269 2952 nonnulla
1384 2886 1389 2901 '

211 3023 280 3070 neu
297 3022 363 3071 suo
387 3008 609 3088 rompono,
645 3008 820 3090 aliquoties
843 3008 960 3085 etiam,
997 3024 1083 3088 quae
1108 3006 1259 3088 superius

211 3131 323 3190 esseut
347 3126 444 3204 (lietu,
471 3126 620 3207 repetitu,
646 3125 799 3206 denique,
825 3142 911 3206 quae
936 3128 1012 3191 suut
1034 3125 1163 3202 similia,
1190 3140 1260 3187 non

210 3244 289 3309 satis
314 3247 503 3310 constanter
526 3246 664 3306 tractata
690 3248 883 3321 appareant.
942 3241 1134 3306 Cuiusmodi
1160 3240 1258 3304 rebus

212 3362 343 3429 veniam
366 3362 493 3429 dabunt
520 3361 643 3427 iudices
679 3359 795 3442 aequi:
828 3376 927 3443 quam
966 3375 1034 3429 uon
1067 3364 1163 3441 peto,
1195 3360 1257 3423 nisi

211 3484 291 3546 item
307 3480 495 3562 apparuerit
520 3481 679 3561 pleraque
705 3495 778 3543 esse
799 3478 847 3542 sio
862 3477 1098 3561 administrata,
1126 3483 1160 3540 ut
1183 3494 1257 3541 eum

212 3598 400 3664 assiduitate
426 3601 614 3663 aoeuratum
640 3598 786 3662 studium
810 3604 841 3661 et
861 3597 1017 3661 iudicium
1040 3601 1173 3661 oautum
1199 3594 1259 3658 ad-

212 3716 350 3780 hibitum
376 3734 448 3781 esse
475 3715 634 3780 videatur.
698 3715 797 3794 Quod
831 3719 997 3796 superest,
1033 3715 1187 3777 uimirum
1224 3719 1260 3776 ut

214 3834 333 3914 gratias
359 3852 456 3915 agam
484 3834 561 3898 viris
587 3819 849 3909 humanissimis,
888 3833 943 3912 qui
975 3848 1084 3894 meam
1111 3831 1259 3911 qualem-

214 3969 342 4033 cunque
384 3970 520 4033 operam
551 3953 642 4016 iibris
683 3958 714 4015 et
751 3951 879 4030 seriptis
914 3955 945 4012 et
981 3948 1075 4012 editis
1116 3950 1259 4026 itemque
1377 4030 1382 4038 ι

215 4070 554 4135 animadversionibus
582 4071 681 4135 variis
705 4070 917 4146 adiuverunt,
944 4066 977 4130 id
1000 4067 1062 4129 feei
1089 4068 1123 4128 in
1149 4060 1259 4125 indiae

213 4191 395 4268 Apparatus
418 4187 618 4254 Critioi‘suo
637 4190 754 4271 cuique
781 4191 876 4264 ioco,
910 4204 977 4266 quo
1003 4184 1073 4248 eius
1099 4179 1258 4245 beneficia
