3059 4925
582 479 778 528 reneooxon
803 481 837 527 u.
1163 460 1232 531 lttt

182 639 291 710 „Pergit
310 641 337 690 in
357 636 517 709 apostrophe
536 638 564 690 in
583 637 780 700 adversarium
800 657 881 709 quem
899 637 1040 707 fingitesse
1057 639 1233 702 Retodtum,

182 745 271 795 aquo
290 725 441 778 inexilium
460 725 657 796 puisuseret.“
703 725 745 778 Ad
763 726 871 777 verbum
892 726 997 779 confert
1023 727 1104 798 Borg.
1125 729 1180 781 Cic.
1199 730 1232 781 de

183 813 232 870 Or.
250 811 295 877 iil,
315 816 344 865 1:
363 815 410 865 An
429 824 460 864 ta
479 832 519 863 me
538 843 572 854 -
592 813 731 865 existimas
746 831 825 881 posse
844 813 1001 864 terreri?
1037 813 1066 865 in
1087 834 1162 885 seqq.
1181 836 1231 886 pro

181 901 242 952 istis
259 898 358 956 hebent
375 900 457 951 istius
480 897 546 954 Ors.
570 899 602 953 E.
619 899 639 953 1.
659 917 682 955 a.
702 917 742 961 un
761 901 819 952 Cre.
838 903 862 952 t.
892 900 972 955 Drsd.
999 905 1025 955 2.
1049 905 1075 955 4.
1109 902 1182 958 Gud.
1202 903 1232 954 B.

181 987 211 1039 ln
229 986 308 1039 Drsd.
328 990 352 1039 1.
369 990 394 1040 3.
416 991 441 1041 5.
458 985 509 1042 Ox.
528 986 562 1039 U.
580 1007 606 1056 η.
623 997 662 1041 est
679 987 847 1051 istiusmodi,
874 989 955 1041 etsie
975 988 1041 1042 Edd.
1067 991 1139 1043 Cret.
1157 989 1231 1046 Man.

182 1074 274 1147 Magn.
293 1074 385 1128 bamb.
403 1074 498 1128 Calon.
515 1086 542 1129 et
559 1095 655 1130 omnes
675 1087 782 1129 nostrae
801 1086 901 1129 veteres
925 1087 986 1129 ante
1005 1076 1166 1135 Graevium,
1188 1095 1232 1129 er-

183 1165 266 1234 ceptis
282 1163 352 1216 Vict.
368 1163 437 1216 Rob.
463 1162 555 1235 Steph.
573 1163 657 1219 Suisr.
683 1165 756 1218 Petri
779 1166 897 1235 itemque
924 1164 975 1217 Ed.
1002 1182 1058 1234 pro.
1076 1167 1161 1219 1565:
1187 1167 1232 1218 sed

182 1253 217 1305 its
235 1252 379 1317 differunt,
397 1262 427 1304 ut
445 1252 472 1304 in
491 1252 638 1323 prioribus,
658 1263 720 1306 ente
739 1252 854 1320 Aidum,
873 1253 1020 1324 iungantur
1038 1253 1116 1305 verba
1135 1253 1232 1305 istius-

182 1340 251 1391 modi
267 1369 301 1379 —
320 1340 412 1390 minis:
439 1339 467 1392 in
494 1339 684 1410 posterioribus
702 1350 792 1393 sutem
811 1340 890 1394 haec:
915 1342 941 1393 si
967 1360 1043 1412 quem
1061 1342 1114 1392 eris
1134 1351 1231 1393 nactur

182 1427 317 1479 eiusmodi.
354 1425 434 1480 Solus
451 1427 557 1480 Suerin.
575 1427 656 1481 hebet
669 1428 828 1480 -iiuiusmodi
846 1439 946 1489 morte5
965 1429 1036 1481 solus
1047 1430 1117 1481 'item
1136 1427 1230 1482 Duisb.

182 1523 244 1564 aut
259 1514 365 1576 mortis,
384 1514 481 1566 omisso
499 1515 568 1567 istis.
614 1516 711 1567 Verbis
730 1517 824 1567 mortis
841 1526 893 1566 aut
910 1515 987 1567 exilii
1005 1515 1167 1586 explicandis
1176 1516 1231 1588 ged-

182 1601 221 1655 dit
240 1602 300 1658 Atd.
317 1601 391 1656 Man.
409 1603 518 1655 nornine
538 1601 633 1673 Reguli
652 1613 677 1654 et
694 1601 783 1654 Marii.
821 1602 862 1654 Ad
883 1623 904 1655 v.
924 1604 949 1654 si
968 1621 1044 1674 quem
1061 1606 1114 1655 eris
1132 1614 1231 1655 nactus

182 1690 272 1744 laudat
290 1690 369 1762 Borg.
389 1691 444 1744 cic.
462 1710 513 1762 pro
531 1690 588 1743 Mii.
607 1695 657 1745 12:
689 1690 724 1741 Ut
741 1691 913 1758 praeclarum
937 1690 1060 1741 videlieet
1081 1709 1178 1742 manas
1195 1718 1230 1729 -

183 1778 222 1827 ad
238 1778 366 1849 aliquem,
393 1780 423 1830 si
446 1788 576 1830 nactas
594 1779 677 1841 eris,
706 1778 753 1848 qui
778 1788 827 1829 tuo
851 1776 965 1828 arbitrio
984 1806 1020 1815 -
1037 1787 1156 1848 gereret,
1186 1778 1230 1828 de-

178 1866 256 1935 ferre
270 1884 377 1935 passes5
396 1876 423 1918 et
441 1865 473 1917 ad
492 1867 631 1937 sequentia
651 1862 773 1930 Peittss,
793 1868 825 1919 ⁹:
843 1865 917 1934 Quid
934 1873 1025 1914 autem
1040 1865 1232 1916 attinuerit-

183 1973 198 2001 e
215 1964 312 2005 senatu
332 1954 358 2005 vi
375 1963 403 2003 et
424 1954 527 2005 minis
545 1954 669 2005 mortis
687 1951 841 2021 expellere?
882 1951 924 2004 Ad
951 1971 1009 2004 rem
1029 1963 1055 2005 et
1071 1952 1230 2006 sententiam

184 2038 217 2092 ci.
234 2037 413 2106 Tuscci,43‚
434 2043 501 2092 1⁰2:
523 2043 656 2109 Cyrenaeo
677 2039 812 2092 Theodoro
831 2058 890 2091 aum
907 2041 1087 2110 Lysimachus
1107 2059 1154 2092 rea
1170 2060 1232 2091 cru·

184 2147 237 2180 cem
255 2129 415 2192 minaretur,
434 2127 515 2191 Istis,
535 2144 646 2198 quaeso,
670 2127 775 2196 inquit,
791 2128 847 2179 ista
865 2126 1004 2179 horribilia
1022 2127 1147 2179 minitare
1162 2145 1232 2196 par-

182 2218 291 2284 paratis
309 2216 382 2266 tuis:
411 2214 541 2267 Theodori
567 2215 672 2285 quidem
697 2212 767 2264 nihil
784 2214 908 2278 interest,
936 2216 1043 2267 humine
1066 2234 1103 2267 an
1120 2215 1232 2268 sublime

180 2313 317 2371 putescat.
353 2303 395 2355 nd
406 2321 486 2374 quern
505 2303 596 2355 locum
609 2301 659 2354 rid.
671 2301 770 2354 Davisii
781 2314 807 2356 et
818 2313 936 2355 nostram
947 2314 1039 2357 annot.
1052 2323 1078 2374 p.
1086 2307 1137 2358 sot
1147 2323 1186 2375 sq.
1197 2332 1230 2343 -·

185 2390 240 2456 „Er
259 2391 310 2444 hoc
327 2409 377 2461 ego
396 2391 457 2444 ioco
476 2391 590 2461 coliigo,
610 2389 747 2442 Paradoxs
768 2401 827 2461 post
843 2389 1005 2461 Phiiippicas
1032 2390 1110 2443 fuisse
1133 2393 1231 2462 scripta

185 2492 295 2550 propter
313 2498 378 2551 quas
396 2481 529 2534 Antonius
548 2480 674 2533 Ciceroni
685 2498 779 2534 necem
799 2481 917 2533 minatus
926 2491 973 2545 est,
993 2490 1019 2533 et
1034 2480 1140 2532 tandem
1152 2482 1231 2533 etism

185 2570 352 2620 occasionem
370 2579 464 2622 nectus
482 2568 597 2623 intutiu‘
616 2569 711 2639 Xyst.
730 2556 840 2622 Betui.
877 2567 960 2636 Quod
978 2587 1041 2621 vero
1058 2566 1121 2619 dixit
1139 2569 1232 2619 mortis

186 2667 237 2706 aut
252 2657 340 2719 exilii,
368 2674 457 2728 neque
484 2657 589 2709 iorerso
612 2657 708 2710 ordine
729 2658 805 2708 exilii
823 2667 874 2708 aut
894 2657 1002 2719 martir,
1028 2655 1056 2706 io
1085 2673 1118 2707 eo
1144 2653 1230 2724 figura

185 2742 313 2795 orationis
330 2761 393 2795 usus
411 2753 463 2808 est,
483 2752 551 2815 qufle
571 2743 670 2798 dicitur
686 2747 787 2806 κλίμαξ.
826 2743 881 2796 Civi
901 2743 973 2795 enim
984 2742 1107 2795 Romano
1126 2741 1230 2793 erilium

176 2841 272 2904 ¹morte
290 2829 394 2900 gravius
412 2840 466 2895 est,
493 2841 522 2883 ut
551 2843 589 2884 est
607 2832 635 2885 in
653 2831 705 2887 Or.
725 2843 786 2902 post
805 2831 861 2883 red.
880 2830 983 2882 insen.
1005 2832 1048 2894 14,
1067 2829 1120 2889 dit
1141 2828 1232 2898 etipse

186 2917 281 2970 Cicero
298 2917 326 2969 in
344 2917 393 2971 Or.
413 2936 464 2988 pro
483 2917 550 2971 Sest.
571 2923 614 2985 21,
634 2923 678 2973 47.
726 2922 788 2972 Aut
804 2936 870 2989 ego,
890 2917 967 2983 dixit,
986 2917 1050 2968 ilias
1068 2935 1110 2968 res
1129 2927 1232 2981 tantas,

119 3058 121 3063 ,
185 3009 214 3057 ia
230 3017 311 3058 tanta
330 3004 506 3075 improborum
521 3007 707 3072 multitudine,
726 3026 809 3079 qaum
825 3005 962 3078 gerebam,
981 3023 1033 3056 non
1049 3004 1114 3054 mihi
1133 3022 1230 3068 mors,

186 3112 237 3144 non
256 3093 475 3145 exsilium-ob
492 3094 583 3147 oeulos
598 3092 800 3147 versabantur?
836 3092 894 3146 Mr.

254 3181 422 3246 istiusmodi,
438 3182 542 3248 mortis]
579 3181 621 3234 At.
640 3182 703 3233 istis
721 3181 815 3233 mortis
833 3192 882 3233 etc.
926 3179 1004 3247 Quae
1030 3177 1109 3231 lectio
1128 3175 1233 3230 Criticis

186 3268 378 3322 recentioribus
396 3270 481 3340 magis
499 3268 595 3338 placet.
630 3267 652 3320 F
659 3285 728 3320 ecc.

255 3355 328 3406 Miiei
346 3374 405 3407 vero
423 3355 552 3428 quicquid
567 3355 705 3421 acciderit)
723 3352 774 3409 Ox.
793 3373 818 3422 η.
839 3353 938 3406 omittit
958 3371 1034 3403 vero:
1054 3352 1162 3424 quodsi
1183 3353 1233 3404 ab·

185 3452 282 3495 essets
303 3442 425 3512 pluribus
440 3443 526 3514 iisque
553 3442 710 3495 melioribus
735 3441 824 3505 libris,
852 3460 903 3511 ego
931 3460 1041 3513 quoque
1070 3439 1231 3505 delevissem,

186 3548 246 3581 curn
266 3547 333 3581 sono
350 3529 493 3599 significari
514 3531 596 3601 possit
612 3530 741 3585 sententie
761 3530 845 3600 priori
864 3529 995 3600 opposite.
1031 3528 1086 3581 Pro
1105 3530 1236 3600 quicquid

185 3618 214 3668 in
233 3619 291 3671 Cri.
311 3622 335 3670 2.
353 3618 503 3688 scriptores
525 3618 717 3689 compendium
735 3629 788 3684 est,
817 3629 846 3670 ut
865 3618 953 3687 legere
971 3616 1055 3686 possis
1086 3618 1233 3687 quidquam

186 3704 226 3757 rei
245 3705 369 3776 quidque.
406 3704 586 3777 idom-pergit
604 3706 732 3758 acciderit
758 3705 899 3776 ingrati
925 3704 954 3755 in
983 3712 1088 3753 tanta
1114 3703 1234 3756 civitate.

185 3790 216 3843 in
236 3794 294 3844 Cre.
311 3795 337 3844 t.
361 3793 448 3863 prime
471 3812 568 3849 monus
586 3795 691 3849 comisit
708 3796 752 3858 in,
776 3794 859 3848 altere
878 3792 987 3846 eddidit.
1029 3792 1150 3863 Pergunt
1167 3792 1233 3848 Ore.

188 3877 219 3931 Ε.
238 3878 272 3932 U.
291 3897 322 3941 ψ.
340 3882 400 3933 Cre.
419 3884 445 3933 1.
464 3886 489 3933 2.
509 3881 589 3935 Drsd.
607 3887 634 3936 6.
652 3900 714 3934 nea
732 3883 869 3934 recusanti
887 3881 1000 3951 quidem.
1037 3882 1096 3933 Mr.

257 3969 369 4037 ingrata
387 3968 525 4035 civitate,}
543 3970 702 4039 „ingratam
722 3969 859 4019 civitatem
871 3967 963 4019 dicens
972 3966 1104 4037 significat
1123 3966 1234 4036 patriam

106 4044 109 4052 Δ
185 4052 307 4105 Romam.
344 4054 412 4107 Nem
424 4055 514 4108 civitas
532 4074 612 4127 seepe
631 4074 680 4126 pro
692 4055 777 4125 petria
797 4055 915 4126 ponitur.
952 4053 1016 4107 Erat
1028 4068 1115 4108 autem
1131 4056 1235 4120 ingrata

185 4141 309 4195 adversus
333 4143 507 4208 Ciceronem,
534 4144 607 4212 quod
636 4143 824 4208 commisisset,
848 4153 878 4195 ut
904 4141 967 4194 ciris
987 4142 1104 4212 optimus
1127 4159 1141 4193 s
1166 4134 1237 4187 maio

185 4230 255 4292 cire,
274 4228 304 4280 P.
324 4228 434 4293 Clodio,
453 4231 480 4281 in
499 4229 617 4284 exsilium
637 4236 789 4302 effereturt‘
806 4229 984 4301 Wyttenb.
1021 4227 1063 4279 Ad
1082 4223 1238 4278 sententiam
