3059 4925
501 481 694 531 nsnenouon
718 483 768 528 ιιι.
796 484 864 531 cen.
887 485 933 540 ιι.
1157 466 1229 539 157

183 645 221 694 Ut
238 643 266 694 in
278 640 384 711 fidibus
402 651 452 695 aut
469 641 498 693 in
517 640 602 704 tibiis,
623 640 746 710 quamvis
761 641 887 707 patellam
905 642 1070 713 AEecrepent,
1092 656 1182 699 tamen
1198 651 1228 699 id

180 749 198 780 a
215 731 315 782 sciente
339 728 519 780 animadverti
537 728 622 787 solet,·
648 728 687 779 sia
714 727 855 780 videndam
880 740 923 782 est
946 732 974 782 in
993 732 1065 795 vita,
1091 753 1124 785 ne
1149 736 1228 806 sorte

180 819 246 888 qaid
261 817 408 887 discrepet:
429 817 471 869 ael
489 817 575 870 multo
595 818 679 869 etiam
698 816 799 887 mgis,
818 836 871 887 quo
888 818 974 871 maior
990 830 1018 872 et
1034 820 1125 873 melior
1143 824 1229 877 actio-

180 924 257 967 num,
276 922 357 976 qaam
375 919 514 971 sanorum,
533 913 675 958 concensus
694 912 746 958 est.
783 903 843 958 Mr.
929 960 932 964 ἵ

252 1009 322 1061 qaae
340 1019 374 1029 -
394 990 482 1058 debet]
518 991 600 1045 Recte
626 989 745 1057 Genab,
763 1010 840 1057 cum,
869 1003 899 1046 ut
923 994 1089 1066 exquisitius,
1117 998 1229 1055 describi

181 1078 293 1132 iussisset
312 1078 359 1149 qai
370 1107 405 1119 -
417 1078 500 1143 debes,
519 1079 547 1133 in
559 1079 697 1134 Addendie
714 1080 746 1134 ad
760 1095 848 1132 veram
866 1080 1010 1157 lectionem
1029 1086 1115 1140 rediit.
1146 1088 1228 1157 Quod

180 1165 298 1219 enimin
317 1178 371 1221 tam
391 1164 479 1221 multis
493 1177 531 1221 est
548 1168 595 1238 qui
607 1166 736 1233 -debes,
757 1167 937 1223 idmunilesto
950 1170 1064 1225 debetur
1076 1178 1231 1242 correctori,

181 1255 239 1325 qui,
264 1273 315 1325 pro
333 1255 444 1308 istorum
463 1253 603 1310 bominum
623 1272 713 1321 more,
741 1254 775 1309 ad
795 1256 943 1326 proximam
970 1278 1060 1313 vocem
1087 1273 1119 1314 tu
1145 1265 1229 1336 respi-

180 1340 266 1407 ciens,
285 1340 349 1394 nibil
368 1342 503 1413 antiquius
520 1341 649 1407 babebat,
677 1361 759 1413 quam
779 1353 808 1396 ut
826 1344 982 1399 obtruderet
1000 1344 1125 1403 Ciceroni
1152 1354 1229 1405 inae·

181 1426 295 1498 ὄρθωσιν
312 1429 413 1483 scilicet
430 1449 518 1483 suam:
537 1449 633 1501 parurn
650 1430 781 1484 nimirum
800 1449 897 1484 curans
915 1432 1009 1486 iustam
1024 1437 1230 1507 oppositionem,

182 1535 263 1586 quam
282 1535 362 1588 supra
381 1517 493 1569 diximus
511 1517 577 1570 ritae
596 1535 651 1569 esse
670 1527 695 1570 et
713 1535 818 1582 scenae,
837 1538 888 1574 nec
899 1539 961 1573 vero
973 1521 1080 1576 lectoris
1091 1536 1116 1578 et
1127 1524 1234 1581 histrio·

181 1604 229 1657 nis.
275 1603 327 1657 Sed
346 1604 408 1659 satis
425 1605 501 1657 multi
529 1615 589 1658 sunt
607 1604 682 1668 libri,
714 1604 761 1675 qui
780 1606 892 1675 probem
918 1608 1059 1664 lectionem
1083 1606 1230 1669 servarunt.

181 1691 282 1747 Laudat
300 1692 350 1746 Or.
361 1691 447 1745 Codd.
461 1692 542 1745 Bern.
553 1690 642 1744 Guelf.
655 1690 713 1746 Bas.
725 1689 793 1743 Edd.
809 1711 865 1762 prc.
886 1697 965 1749 1465.
984 1695 1058 1751 Crat.
1076 1700 1143 1754 Vict.
1155 1702 1230 1756 Man.

180 1780 273 1851 Magn.
292 1780 385 1834 lamb.
404 1779 489 1833 Sulis.
507 1780 579 1836 Petr,
596 1779 694 1851 Borg.;
713 1799 763 1833 nos
781 1780 904 1834 addimus
922 1780 1009 1837 Codd.
1021 1783 1193 1842 Dian-cn.
1205 1794 1231 1843 2.

180 1866 245 1921 Osi.
264 1868 297 1920 E:
316 1868 333 1920 l.
354 1868 386 1921 Ν.
404 1867 435 1923 U.
462 1868 530 1920 duos
547 1866 683 1938 Borgessii
706 1866 863 1935 Leidenses,
891 1868 960 1923 Edd.
983 1891 1078 1926 omnes
1102 1886 1161 1929 vett.
1189 1898 1233 1930 ex-

181 1966 257 2027 cepta
284 1956 353 2008 Ven.
379 1958 459 2009 1514.
493 1954 549 2009 Sed
573 1955 736 2010 recentiores
759 1968 877 2028 occupat
901 1960 948 2029 qui
972 1990 1007 2000 -
1034 1962 1124 2026 debes,
1154 1963 1234 2019 Grut.

182 2043 267 2097 Gran.
277 2043 374 2097 Graes.
384 2042 449 2096 Era.
460 2042 530 2096 ttub.
547 2041 628 2098 Saba,
642 2042 731 2096 Nobb.
743 2043 831 2096 Wen.
849 2057 884 2112 et,
903 2057 932 2100 ut
943 2047 1005 2113 disi,
1027 2060 1125 2102 textum
1140 2050 1230 2105 Gera-

181 2132 265 2184 bardi.
301 2129 405 2185 Placuit
423 2133 501 2184 etiam
520 2149 581 2183 vera
600 2130 679 2184 lectio
697 2130 833 2185 Boudeia:
867 2134 913 2187 sed
943 2135 1049 2190 mireris
1074 2138 1186 2193 eandem
1216 2162 1231 2195 a

181 2218 305 2272 Sebiitaio
322 2231 352 2272 ut
370 2238 443 2271 suam
463 2218 645 2272 coniecturam
664 2217 692 2270 in
711 2221 885 2274 annotatione
905 2224 1031 2295 proponi.
1073 2225 1128 2279 Sed
1146 2240 1238 2282 totum,

181 2307 271 2361 locum
291 2307 324 2360 ad
353 2326 432 2359 suum
450 2307 591 2361 arbitrium
615 2308 651 2360 ita
670 2305 776 2360 refinxit
821 2310 850 2360 in
868 2309 941 2374 vita,
967 2331 1055 2383 qaae
1072 2341 1105 2354 ·-
1126 2315 1232 2379 debet,

181 2404 219 2445 tu
238 2396 266 2445 in
288 2393 397 2465 syllaba
415 2405 442 2445 te
463 2403 589 2465 peccasse
616 2393 710 2446 diaes?
727 2423 762 2433 --
787 2406 903 2465 peccata
923 2398 1123 2453 dimetientem?
1153 2407 1234 2456 atsi

182 2491 241 2535 visa
260 2485 291 2535 si
296 2493 334 2534 nt
352 2482 485 2547 breviaro,
504 2484 606 2536 leviora
624 2483 783 2541 uideantur,
802 2486 849 2556 qai
863 2485 1001 2554 possunt?
1026 2506 1085 2540 cum
1103 2490 1233 2562 quioquid

182 2581 388 2641 peccetursq.
426 2571 484 2624 Mr.

253 2659 423 2727 moderatior]
443 2658 505 2725 „At
524 2660 714 2714 modulatior.“
733 2659 833 2714 Face.
869 2659 988 2714 Alteram
1006 2661 1149 2718 lectionem
1167 2666 1229 2720 Ma-

183 2749 274 2802 nutius
290 2748 327 2801 ait
343 2748 416 2819 apud
434 2747 564 2818 quosdam
585 2747 706 2817 reperiri.
756 2746 829 2800 Alibi
857 2766 913 2800 non
936 2762 1061 2820 apparet:
1087 2753 1132 2804 sed
1160 2753 1233 2824 Xyst.

182 2834 269 2888 Retul.
288 2854 347 2888 eam
360 2835 516 2900 lectionem,
542 2836 600 2888 sine
622 2834 705 2888 dubio
731 2853 759 2885 es
786 2834 836 2888 Ed.
861 2835 922 2905 Atti
948 2836 1073 2907 Nepotis,
1102 2852 1132 2895 ut
1157 2860 1232 2893 suern

182 2925 365 2977 coniecturam
385 2923 494 2993 profert.
530 2921 624 2975 Paullo
642 2921 765 2991 superius
788 2921 819 2975 F.
836 2921 965 2975 Osannus
985 2923 1080 2993 (Beitr.
1098 2947 1118 2978 s.
1137 2926 1232 2980 Gesch.

183 3012 207 3064 d.
227 3010 450 3065 strennuum.
473 3010 535 3064 Litt.¹
559 3008 760 3080 T.11.p.su)
786 3009 897 3080 corrigit
920 3029 950 3063 ex
978 3011 1111 3066 Diomede
1134 3013 1234 3068 Gram—

182 3100 280 3153 matico
298 3097 317 3151 l.
337 3118 364 3170 p.
380 3101 440 3153 318.
470 3097 652 3154 insibilator,
684 3096 853 3165 exploditur,
877 3097 988 3166 (omisso
1006 3099 1059 3168 et)s
1087 3111 1117 3153 ut
1144 3113 1182 3154 est
1206 3102 1233 3155 in

182 3188 287 3240 duobus
304 3186 389 3241 Codd.
408 3185 503 3239 Pariss.
522 3185 670 3256 Equidem,
696 3202 758 3236 cum
777 3183 934 3236 insibilands'
950 3186 1060 3238 verbum
1085 3206 1140 3241 non
1161 3188 1234 3259 legar

182 3281 240 3338 tu'r,
260 3273 315 3326 nisi
327 3273 399 3343 apud
416 3272 560 3338 Ovidium,
579 3269 708 3336 Statium,
727 3269 838 3336 Silium,
865 3270 891 3323 id
910 3272 1030 3343 recipere
1054 3294 1110 3328 non
1135 3276 1233 3329 ausim:

182 3379 346 3432 quamquam
365 3379 416 3416 nec
432 3360 579 3414 nubilare
591 3359 664 3432 apud
672 3357 729 3412 Cic.
747 3357 820 3424 alibi,
839 3358 950 3413 nisiboc
965 3360 1034 3426 loco,
1054 3360 1158 3432 legitur.
1177 3363 1234 3418 Μι.

254 3459 285 3500 ιιι
304 3450 332 3499 in
349 3449 459 3518 syllaba
474 3450 595 3518 peccare]
625 3445 687 3502 Car.
713 3448 845 3519 Longius:
875 3447 929 3514 „Et
947 3447 1006 3512 bic,
1036 3449 1139 3521 inquit,
1163 3455 1233 3507 acuti

181 3537 218 3589 illi
239 3537 286 3589 siri
305 3536 402 3591 malam
422 3553 533 3589 manum
551 3535 739 3589 adhibuerunt.
774 3533 908 3588 Particula
928 3545 974 3600 ut,
994 3535 1045 3602 ibi,
1071 3548 1103 3589 ut
1130 3540 1159 3590 in
1177 3541 1235 3608 syl-

182 3624 258 3688 laba,
276 3626 303 3677 in
322 3624 398 3678 nullo
417 3625 497 3677 veteri
514 3624 585 3676 libro
604 3634 688 3686 estat;
714 3622 846 3694 siquidem
864 3634 938 3676 recte
955 3625 983 3675 ia
1001 3623 1109 3693 syllaba
1124 3644 1236 3694 peccare

181 3706 293 3784 figurate
312 3713 414 3766 dictum
432 3712 480 3778 sit,
507 3733 557 3785 pro
586 3713 614 3766 in
632 3712 720 3783 aliqua
745 3710 785 3764 vel
805 3710 915 3765 minima
942 3711 1071 3781 particula
1089 3712 1161 3778 eius;
1187 3717 1233 3786 qui

181 3818 272 3853 sessus
290 3799 398 3854 tolerari
417 3800 526 3871 possit.“
561 3799 621 3855 Mr.
1159 3788 1168 3793 ’

250 3889 279 3939 in
296 3887 405 3958 syllaba
424 3898 451 3939 te
467 3906 578 3957 peecare
595 3887 698 3955 dicesl]
719 3887 830 3958 „Vulgo
838 3908 849 3941 :—
866 3898 906 3939 ut
925 3887 1079 3956 in-syllobo
1098 3882 1147 3944 elc.
1178 3891 1231 3945 Sed

182 3975 303 4028 caculam
333 3986 367 4026 at
389 3976 521 4046 ignorant
548 3975 643 4046 Langii
672 3975 757 4028 Codd.
790 3986 816 4027 et
843 3974 938 4046 regii.“
968 3973 1179 4030 bellemend.
1198 4006 1233 4017 ·-

181 4064 341 4127 „Peccasse,
359 4081 414 4116 non
429 4082 556 4133 peccare,
573 4062 603 4115 in
620 4064 733 4135 antiquo
752 4063 845 4117 codice
859 4062 950 4132 lego.“
970 4062 991 4114 F
999 4082 1043 4117 rc.
1065 4062 1157 4134 Syls.

253 4160 292 4200 ut
311 4150 341 4200 in
357 4150 465 4218 syllaba
483 4160 510 4201 tu
527 4170 692 4220 peccasse
711 4150 814 4219 dicss?]
851 4150 1036 4221 „Praepositio
1055 4161 1086 4201 ut
1102 4149 1128 4201 t.
1142 4150 1159 4201 l.
1180 4150 1231 4202 aisn
1271 4143 1275 4149 ’
1295 4194 1297 4199 .

183 4237 319 4307 quandam
339 4235 416 4289 babet
435 4236 592 4308 ellipticesn,
612 4257 681 4310 quae
699 4238 749 4292 nial
767 4248 898 4300 nuestus,
927 4255 1018 4289 senssss
1033 4234 1116 4287 existit
1135 4253 1237 4305 propo-
