3059 4925
306 454 378 530 138
633 479 807 526 rinnon
835 479 1029 528 arorcouua.

301 639 368 693 cod.
387 638 480 691 Duisb.
505 649 534 691 ut
558 637 635 691 initio
654 639 801 710 superioris
824 658 883 709 cap.
913 639 1005 693 scribit
1032 641 1130 712 iuquit.
1180 641 1248 693 Nam
1275 642 1351 696 ΙΙίοΙι.

300 726 435 782 Bentleius
451 727 484 780 ad
501 725 566 779 Hor.
588 723 643 779 Sat.
663 725 682 790 Ι,
701 729 728 792 4,
748 727 792 779 ts.
818 726 908 798 inquit
935 738 1092 798 perpetuam
1120 727 1263 780 formulam
1288 727 1352 781 dixit

299 835 370 881 esse,
402 815 448 867 ubi
467 812 567 885 aliquid
583 832 612 865 er
631 812 742 867 adverso
761 813 841 867 nobis
858 814 938 867 obiici
957 824 984 869 et
1002 814 1104 885 opponi
1128 814 1268 887 fiugimua,
1298 813 1351 867 sire

299 901 325 954 id
343 902 377 955 ab
396 920 451 955 uuo
469 919 516 954 seu
536 899 669 970 pluribus,
702 901 756 954 sive
775 902 884 955 absente
907 921 954 955 seu
974 912 1111 972 praesente
1128 900 1182 955 fiat.
1220 901 1350 954 Similiter

296 988 385 1042 statuit
403 988 423 1040 Ι.
443 987 488 1040 Fr.
505 986 624 1042 Gronov.
644 999 670 1041 et
687 987 824 1042 Drakenb.
844 989 878 1042 ad
903 989 957 1042 Liv.
975 991 1019 1053 34,
1038 991 1065 1043 3.
1089 988 1186 1058 quibus
1211 988 1350 1041 assentitur

296 1074 435 1129 Heindorf.
469 1075 501 1127 ad
526 1072 616 1126 Horat.
634 1073 654 1127 Ι.
673 1074 690 1126 Ι.
717 1073 808 1129 Brenni
834 1077 867 1129 ad
891 1077 971 1130 Finn.
989 1075 1021 1139 ΙΙ,
1042 1081 1085 1128 ²2.
1112 1076 1183 1129 iaud.
1208 1094 1258 1146 pro
1274 1074 1348 1146 sytts

179 1141 182 1146 ,
228 1185 231 1191 ’
297 1179 321 1215 c.
339 1164 365 1216 Ι.
394 1161 427 1214 de
451 1161 483 1214 N.
512 1160 547 1213 D.
565 1160 585 1225 Ι,
603 1161 647 1229 tt,
667 1162 711 1214 81.
729 1159 774 1225 36,
795 1165 855 1216 100.
889 1163 935 1216 ubi
962 1174 1058 1216 cuneta
1087 1163 1203 1215 secunda
1235 1181 1347 1233 persona

297 1248 489 1319 proferuntur,
516 1248 641 1302 codicum
657 1237 815 1302 auctoritate
842 1252 932 1322 inquit
951 1250 1145 1321 interponitur,
1172 1260 1198 1303 et
1213 1248 1293 1304 Fiun.
1315 1251 1347 1314 ΙΙ,

296 1340 340 1401 ΙΙ,
358 1338 402 1391 78.
451 1335 625 1408 Quamquam
644 1337 735 1408 inquit
752 1357 841 1408 neque
869 1357 919 1408 pro
937 1336 1109 1407 impersonali
1128 1335 1281 1388 habendum
1300 1350 1347 1401 est,
1409 1332 1413 1337 ’

297 1442 385 1494 neque
401 1423 492 1494 inquis
509 1423 622 1476 omnino
642 1444 671 1476 ex
691 1423 815 1477 omuibus
835 1423 901 1477 iocis
928 1423 1105 1488 eiicieudum,
1131 1433 1161 1475 ut
1178 1420 1260 1473 Gaer.
1278 1421 1347 1475 bene

296 1521 387 1563 mouet
404 1511 437 1563 ad
455 1510 534 1564 Fiun.
553 1510 585 1577 ΙΙ,
605 1515 649 1576 22,
668 1514 712 1564 ΙΙ.
749 1510 803 1565 Ubi
824 1530 886 1564 vero
908 1530 965 1565 non
984 1521 1057 1563 certa
1079 1528 1208 1580 persona,
1232 1506 1279 1559 sed
1297 1507 1348 1561 aii-

297 1595 369 1668 quis,
388 1608 515 1669 tauquam
535 1615 605 1650 nnus
623 1616 637 1649 e
657 1596 763 1665 multis,
791 1597 909 1652 obiicere
926 1597 1085 1652 seutentiam
1109 1595 1234 1666 fingitur,
1258 1595 1349 1665 inquit

297 1684 387 1738 iocum
406 1679 525 1753 habebit,
547 1696 576 1739 ut
594 1697 687 1739 nostro
705 1685 768 1739 ioco
784 1706 870 1758 aeque
886 1697 967 1758 atque
986 1687 1096 1738 ineunte
1121 1702 1180 1753 cap.
1199 1680 1348 1752 superiore,

282 1771 333 1826 sic
351 1772 504 1825 iubentibus
532 1772 665 1845 plerisque
684 1772 843 1839 Codieibus,
866 1774 1039 1845 paucioribus
1055 1791 1118 1825 saue
1146 1770 1180 1822 ad
1199 1767 1295 1822 Pseud.
1311 1769 1345 1832 V,

183 1873 192 1878 '
298 1864 322 1923 Ι,
341 1860 385 1912 di.
428 1859 524 1930 Inquit
542 1860 621 1914 etiam
640 1859 670 1912 F.
689 1857 720 1912 A.
739 1859 826 1913 wolf.
846 1880 895 1930 pro
922 1860 1051 1931 inquiunt
1075 1856 1187 1911 restituit
1211 1855 1307 1909 Tusce.
1326 1854 1346 1919 Ι,

296 1948 340 2011 39,
366 1948 411 2001 93.
438 1957 467 1999 ιιι
491 1946 603 1999 seriores
628 1944 741 2011 Graeci,
771 1949 799 1998 in
829 1947 927 2017 quibus
950 1945 1094 2009 Arrianus,
1117 1948 1180 2010 φησι
1209 1962 1258 2013 pro
1284 1947 1348 2003 aunt

297 2036 453 2104 usurpant.“
470 2032 532 2085 Mr.

367 2119 502 2189 inquit,
521 2118 698 2186 tatarorum]
743 2121 799 2181 „tta
818 2117 869 2171 Th.
888 2116 1001 2172 Bentleii
1028 2118 1135 2171 codices
1158 2128 1217 2170 ete
1243 2117 1347 2172 duobus

296 2203 376 2275 regiis
392 2203 467 2257 aiter.
504 2202 594 2274 Vulgo
611 2205 730 2275 inquis.“
750 2203 964 2258 ballemand.
1001 2203 1101 2269 „Cous⁸
1120 2205 1269 2258 Ernciav.
1288 2204 1345 2257 Cic.

297 2311 318 2343 r.
337 2290 427 2362 inquit
446 2292 504 2363 [qni
523 2302 613 2346 tamen
632 2304 724 2345 nostro
738 2292 804 2346 'ioco
821 2292 904 2346 edidit
920 2292 1022 2364 inquis]
1051 2303 1077 2345 et
1092 2293 1208 2346 Faeeiot.
1232 2295 1260 2346 in
1286 2293 1344 2345 Lex.
1377 2313 1380 2322 ’

297 2378 341 2445 [Τ.
359 2378 389 2432 ΙΙ.
411 2399 437 2450 p.
455 2382 508 2434 ott
527 2397 551 2434 a.
578 2378 621 2434 ed.
639 2378 806 2448 Schneeb.]“
828 2378 927 2451 Borg.
972 2379 1027 2436 Nos
1051 2398 1160 2451 quoque
1185 2380 1345 2434 restituimus

295 2467 385 2538 inquit
402 2487 432 2519 ex
451 2465 537 2520 Codd.
554 2487 635 2540 supra
655 2467 769 2522 laudatis
787 2468 938 2540 nostrisque
956 2466 1015 2522 Cra.
1035 2472 1059 2522 Ι.
1078 2474 1104 2522 2.
1122 2473 1147 2523 8.
1177 2469 1257 2523 Drsd.
1276 2474 1302 2523 2.
1320 2471 1346 2523 8.

296 2558 320 2607 4.
339 2559 364 2608 5.
382 2554 454 2608 Gud.
467 2554 499 2607 A.
517 2554 613 2609 Duisb.
632 2554 698 2610 Ora.
717 2575 759 2608 sex
777 2556 901 2626 (excepto
912 2556 955 2623 ψ.)
974 2555 1053 2609 Bern.
1073 2555 1171 2608 Pithon.
1186 2555 1345 2609 Basttuetf.

297 2641 363 2695 Edd.
384 2661 441 2712 pre.
458 2643 539 2696 14⁶5.
555 2661 598 2713 ap.
618 2642 712 2709 Meus,
732 2641 806 2697 Crat.
827 2644 896 2697 Vict.
916 2642 997 2713 Borg.
1012 2654 1039 2696 et
1056 2642 1160 2710 nostris,
1179 2661 1248 2713 quae
1265 2661 1344 2712 supra

297 2749 351 2781 non
370 2740 432 2782 sunt
449 2740 636 2794 enumeratae,
660 2729 794 2782 omuibus.
840 2729 915 2782 Adde
933 2727 1007 2782 Crar.
1030 2731 1063 2783 ad
1089 2729 1145 2783 Cic.
1169 2729 1202 2782 de
1219 2727 1253 2780 N.
1270 2728 1305 2780 D.
1324 2728 1344 2795 Ι,

296 2820 338 2872 36.
359 2821 460 2888 utut,
485 2836 534 2869 nos
551 2816 584 2870 ad
602 2816 699 2870 Tuaen.
719 2820 739 2883 Ι,
759 2820 803 2872 39.
831 2838 856 2889 p.
873 2820 926 2871 318
941 2836 981 2888 sq.
1009 2817 1041 2883 ΙΙ,
1060 2820 1103 2871 tr.
1127 2818 1227 2889 pam.
1256 2815 1346 2887 Reisig
1377 2818 1380 2821 ’

284 2905 398 2958 ·Vories.
416 2907 462 2958 iib.
481 2905 536 2958 Lat.
556 2903 730 2976 Spraehwiss.
747 2925 774 2976 p.
785 2908 851 2961 331:
870 2905 935 2976 ibiq.
954 2916 1046 2960 annot.
1065 2905 1151 2958 ssusii
1164 2908 1227 2960 344.
1239 2933 1274 2945 -
1292 2902 1345 2957 Ce-

297 3003 383 3045 terum
402 2991 499 3063 iegitur
515 2991 544 3045 iu
564 2990 631 3045 Cod.
650 2991 710 3047 cn.
729 2997 755 3047 t.
774 2994 858 3045 rumis
876 2994 944 3057 istu,
964 2994 1054 3065 inquit
1061 3014 1072 3055 ,¹
1092 2993 1208 3049 ΒΜΔ.
1225 2998 1281 3046 isra
1301 2991 1344 3044 ai·

296 3098 367 3132 mur
387 3080 610 3152 quodinstoa
629 3082 742 3135 vitiis.
785 3080 849 3134 Tria
869 3082 947 3137 rerba
972 3092 1103 3147 entrema,
1131 3070 1245 3153 glossam
1264 3080 1345 3133 nimi-

297 3184 372 3233 rum,
391 3164 464 3221 addit
481 3166 560 3221 etiam
580 3166 651 3221 Gud.
671 3166 702 3221 B.
740 3168 861 3221 Verbum
879 3169 963 3221 suma
977 3167 1061 3240 Bor&
1072 3168 1185 3240 explicat
1202 3167 1345 3223 mutuaris,

293 3255 381 3324 prtia,
407 3255 519 3309 laudans
542 3256 575 3308 de
593 3252 672 3313 Finn.
692 3257 727 3322 V,
746 3259 777 3310 δι
810 3259 853 3307 Bx
877 3275 968 3309 aarum
990 3257 1060 3308 enim
1082 3255 1192 3326 scriptis
1209 3283 1244 3294 -·
1261 3256 1345 3307 omnm

296 3341 419 3394 doctrino
436 3342 555 3397 liberalis
573 3374 608 3384 —
626 3345 710 3397 omnir
726 3363 812 3397 remo
829 3346 939 3416 elegans
957 3345 1047 3397 numi
1061 3354 1160 3413 potest.
1196 3340 1255 3396 Mr.

366 3430 521 3482 Metuebant
537 3448 570 3483 ne
592 3449 610 3481 n
628 3430 767 3484 lenorddue
791 3433 912 3499 diaetae]
951 3434 1022 3497 „Ne,
1048 3449 1067 3481 a
1092 3430 1244 3485 lenonibus.
1268 3431 1344 3481 iata

295 3517 409 3583 diceres,
427 3517 561 3588 quinque,
579 3517 608 3570 in
627 3537 745 3590 quorum
762 3538 820 3572 uno
839 3519 921 3572 add.“
941 3518 1014 3572 ttd.
1030 3516 1061 3569 M
1067 3537 1121 3570 au.
1133 3545 1167 3556 ·-
1187 3513 1255 3567 Cod.
1266 3513 1344 3566 ost.

296 3605 327 3654 de
346 3622 396 3675 pro
415 3622 451 3665 a,
469 3603 540 3659 idem
560 3625 622 3659 cum
642 3605 672 3659 E.
691 3625 714 3661 o.
732 3624 762 3669 ψ.
782 3606 853 3660 Gud.
872 3606 906 3659 Α.
923 3607 997 3657 isra
1015 3606 1123 3660 dicerem
1164 3602 1344 3674 Praepositio-

297 3708 358 3742 nem
383 3709 401 3742 u
425 3691 522 3747 omittit
547 3693 626 3747 Drsd.
641 3693 676 3759 4,
698 3694 819 3748 leonibus
843 3695 945 3748 habent
964 3693 1045 3746 Drsd.
1062 3698 1086 3745 2.
1109 3696 1177 3747 eti.
1204 3708 1266 3743 cum
1294 3690 1343 3743 Ed.

296 3777 417 3832 Parias.
437 3799 477 3846 a.;
498 3780 528 3832 in
547 3779 640 3836 Duisb.
659 3791 761 3833 estnec
781 3801 830 3854 pro
846 3801 897 3843 ηε,
914 3783 943 3835 ἰιι
962 3779 1020 3835 Cra.
1043 3783 1068 3833 Ι.
1085 3797 1159 3832 esse
1177 3778 1275 3828 dicerer
1294 3794 1344 3846 pro

286 3864 448 3926 'dicerem
468 3865 525 3918 Cra.
543 3871 569 3918 2.
589 3867 675 3919 haee
693 3867 799 3920 diceres.
818 3898 853 3909 —
895 3869 938 3922 nd
965 3867 1121 3921 sententiam
1140 3883 1249 3929 eorum,
1275 3882 1344 3935 quae

296 3952 473 4007 adversarium
492 3954 569 4029 fingit
587 3955 795 4026 respondentem
815 3957 925 4023 Cicero,
947 3955 1091 4009 tenendum
1110 3964 1158 4020 est,
1177 3951 1257 4004 videri
1268 3970 1344 4022 posue

296 4041 359 4094 ideo
375 4040 553 4094 adversarium
566 4042 672 4109 addere,
691 4042 831 4099 Socratem
851 4047 900 4100 isto
920 4043 1001 4097 modo
1021 4040 1198 4113 disputavisse,
1218 4036 1345 4111 quiaSo·

298 4140 397 4184 cratem
425 4140 451 4182 et
474 4129 594 4183 universe
620 4131 791 4205 philosophos
817 4133 930 4187 nimium
956 4148 1060 4186 severos
1086 4127 1198 4181 irridere
1224 4126 1344 4190 voluerit,

297 4230 353 4271 tum
372 4236 449 4284 reru,
468 4218 529 4287 quia
549 4217 605 4289 ipse
623 4219 747 4277 Socrates
765 4233 848 4276 artem
867 4220 1002 4292 quandam
1028 4216 1199 4280 lenocinaadi
1223 4215 1274 4269 sibi
1296 4214 1345 4266 ad·
