3059 4925
503 471 697 519 rantnoxon
717 472 765 517 nr.
793 473 863 519 aar.
881 473 917 520 n.
1082 475 1085 480 ·
1161 449 1231 521 155

186 632 317 692 Moverit,
331 648 402 683 unus
418 632 458 700 (et
475 648 556 700 snpra
567 631 608 699 a).
646 634 805 696 ltemooeat,
822 633 920 683 unus.“.
936 629 1009 686 ΑΜ.
1027 630 1115 684 Man.
1150 631 1231 686 Recte

186 728 276 771 monet
293 716 397 770 Gernh.
425 717 508 770 verbo
525 720 606 770 movit
627 719 788 788 respondere
812 719 840 771 in
859 738 933 789 seqq.
957 721 1151 788 pronuntiatus
1175 731 1233 771 est:

185 807 266 877 igitur
284 805 368 859 solam
388 804 531 859 lectionem
550 807 631 858 mavit
645 806 757 876 probam
775 825 841 859 esse.
858 805 917 858 Mr.
956 806 1094 871 „Pertinet
1105 806 1157 861 boe
1170 827 1232 861 cum

185 894 217 947 ad
236 894 473 965 gesticulationem,
493 904 551 948 tum
569 893 603 946 ad
621 904 725 947 motum
744 893 850 958 actoris,
869 912 938 964 quae
957 912 1013 953 uuo
1033 893 1142 946 nomine
1159 894 1233 947 dice-

186 985 284 1036 bantur
302 982 412 1036 saltatio.
448 981 582 1035 Numerus
599 993 688 1035 autem
707 992 736 1033 ut
753 980 880 1034 carminis
897 981 934 1034 sic
958 981 1036 1033 etiam
1060 992 1099 1034 est
1115 981 1233 1035 saltatio·

186 1073 228 1126 nis
245 1071 342 1142 cuique
360 1090 423 1124 snus
441 1080 466 1123 et
484 1070 636 1141 proprius.“
660 1070 767 1141 Wytt.

257 1169 308 1211 aut
325 1160 349 1210 si
367 1176 460 1210 versus
482 1159 680 1227 pronuntiatus
706 1169 800 1210 est-
817 1169 867 1209 aut
882 1157 996 1230 longior]
1029 1155 1116 1222 „Cam
1143 1169 1232 1211 tamen

186 1247 214 1297 in
234 1264 307 1298 versu
326 1254 463 1316 peccatum
483 1247 515 1298 sit
533 1250 635 1316 po‘e'tae,
655 1266 710 1300 non
728 1246 870 1300 histrionis.
905 1244 959 1299 Sed
978 1246 1040 1317 quia
1059 1245 1150 1299 histrio
1169 1267 1234 1318 pro-

187 1334 292 1386 nuntiat
308 1332 416 1386 ahsente
438 1338 532 1403 potita,
560 1333 584 1385 ei
612 1333 719 1405 plausus
746 1335 832 1388 datur.
851 1362 887 1374 -
937 1335 997 1386 Vel
1015 1334 1131 1404 longior,
1156 1353 1234 1387 unus.

186 1421 307 1474 Breviori
324 1431 352 1471 et
370 1421 498 1492 longiori,
518 1440 574 1474 esse
591 1421 619 1474 in
639 1422 798 1493 quibusdam
809 1421 886 1476 libris
901 1432 1021 1475 notatum
1038 1421 1142 1474 video.“
1160 1420 1233 1474 Atd.
1255 1461 1258 1466 ·

185 1507 271 1561 Man.
312 1505 446 1578 „lntelligi
472 1508 564 1578 possit:
601 1508 630 1561 Si
659 1510 744 1564 brevis
767 1509 869 1581 syllaba
896 1520 926 1562 nt
949 1509 1046 1580 longa,
1070 1520 1117 1564 aut
1140 1521 1233 1565 eontra

186 1595 357 1665 pronuntiata
372 1595 416 1648 sit:
435 1595 479 1647 sed
501 1596 602 1665 potius:
621 1596 641 1647 si
660 1615 749 1648 versus
766 1595 866 1665 syllaba
885 1616 947 1649 una.
958 1596 1062 1649 deficiat
1080 1608 1126 1650 aut
1143 1598 1231 1651 abun·

184 1682 258 1735 det.“
277 1683 353 1736 Fre.
371 1680 462 1752 Sylv.
507 1681 609 1735 Laudat
634 1682 668 1735 ad
687 1682 712 1735 h.
731 1683 749 1735 l.
767 1684 849 1753 Rorg.
877 1682 935 1736 Cic.
952 1682 1001 1735 Or.
1021 1687 1069 1736 51:
1095 1688 1128 1735 In
1157 1705 1232 1736 tarsu
1337 1742 1339 1746 ,

185 1770 306 1840 quidem,
323 1771 434 1821 theatra
453 1780 515 1823 tota
534 1769 698 1834 reclamant,
729 1772 753 1822 si
767 1770 831 1839 suit
857 1789 912 1822 una
931 1769 1039 1837 syllaba
1061 1781 1111 1822 aut
1131 1770 1234 1823 brevior
1282 1753 1304 1790 ’-

185 1868 237 1908 out
261 1857 375 1929 longior.
419 1856 487 1910 Add.
513 1857 547 1909 de
573 1855 623 1909 Or.
642 1857 662 1922 l,
683 1859 725 1911 bl.
751 1857 856 1921 11150.
876 1885 911 1896 -
963 1859 994 1910 lu
1020 1857 1105 1910 codd.
1130 1856 1189 1911 Cre.
1208 1864 1233 1911 2.

187 1945 266 1997 Drsd.
286 1949 311 1998 1.
330 1948 355 2000 3.
376 1943 484 2014 syllaba
505 1943 609 1996 brevior
627 1961 683 1995 una
708 1942 805 2015 legitur
833 1955 860 1997 et
893 1944 931 1998 sic
955 1944 1033 1997 etiam
1059 1944 1087 1996 in
1112 1943 1182 1997 Gud.
1202 1946 1234 1998 Α.

186 2034 216 2085 ln
235 2032 342 2085 Suerin.
361 2042 399 2086 eet
415 2031 516 2083 sillaba
533 2031 648 2084 breviori
666 2043 718 2084 aut
736 2033 864 2103 longiori,
883 2032 911 2085 in
930 2030 989 2085 Cre.
1010 2034 1035 2084 1.
1053 2031 1161 2101 syllaba
1178 2051 1234 2083 una

187 2124 290 2194 longior
307 2132 358 2175 aut
375 2120 486 2174 brevior.
521 2119 630 2173 Omittit
647 2139 704 2172 una
722 2119 771 2174 Ed.
791 2119 874 2174 Saisr.
893 2120 974 2175 Petri.
1018 2119 1085 2173 eod.
1104 2122 1161 2172 Cra.
1187 2119 1235 2172 ha·

187 2212 232 2264 bet
249 2229 305 2262 una
323 2211 359 2262 in
376 2208 493 2280 syllaba.
529 2207 560 2260 M
568 2228 589 2260 r.

258 2298 418 2351 exsibilatur
442 2307 470 2347 et
494 2296 678 2366 exploditur:]
724 2295 772 2360 „ln
802 2294 869 2348 cod.
895 2297 1007 2366 antiquo
1037 2295 1166 2366 scriptum
1196 2305 1235 2347 est

187 2386 274 2439 solum
290 2384 564 2455 exploditur.“.Frc.
582 2381 668 2454 Sylr.
710 2381 852 2437 Omittitur
876 2394 905 2434 et
922 2383 951 2435 in
974 2381 1040 2437 On.
1058 2381 1090 2436 E.
1109 2381 1141 2433 N.
1161 2402 1185 2449 η.
1205 2400 1235 2444 ψ.

164 2521 166 2525 .
188 2475 260 2529 Gnd.
278 2475 311 2528 A.
331 2473 390 2528 Cra.
408 2476 433 2527 1.
453 2478 479 2526 2.
497 2475 521 2526 3.
541 2471 621 2525 Drsd.
643 2478 667 2525 2.
686 2477 713 2528 5.
748 2472 779 2524 ln
798 2472 877 2525 Drsd.
897 2474 922 2523 1.
940 2471 1014 2524 abest
1032 2470 1112 2524 etiam
1125 2471 1234 2522 verbum

187 2561 355 2630 exploditur,
377 2578 438 2614 cum
458 2558 588 2631 particula
605 2569 649 2620 et‚·
667 2559 747 2612 Drsd.
768 2562 793 2613 3.
823 2570 861 2612 est
883 2557 1046 2617 exilobitur,
1070 2558 1232 2627 exploditur.

188 2650 270 2703 Abest
286 2651 349 2703 item
366 2659 394 2700 et
416 2647 445 2700 in
465 2646 550 2701 codd.
574 2646 633 2700 Bas
659 2645 740 2699 Bern.
768 2646 858 2701 Guell.
884 2646 951 2699 Edd.
979 2665 1036 2716 pre.
1056 2647 1135 2699 1465.
1164 2644 1234 2698 Vict.

187 2739 256 2792 Rab.
275 2737 367 2809 Stepb.
386 2738 447 2790 Asc.
464 2739 544 2791 1511.
570 2734 819 2790 SolaVen.1492.
847 2734 927 2790 habet
949 2734 1078 2804 explodit.
1122 2730 1235 2785 Coniert

188 2825 221 2878 ad
240 2824 265 2877 h.
282 2824 299 2878 l.
318 2823 419 2877 Gernh.
434 2822 490 2877 Cic.
510 2823 544 2876 de
567 2821 617 2876 Or.
635 2822 680 2887 lll,
698 2825 743 2888 tt,
761 2825 829 2877 1⁹3:
858 2833 890 2874 ut
911 2824 940 2874 in
965 2840 1043 2873 versu
1069 2820 1183 2892 uulgus,
1212 2822 1236 2871 si
1266 2864 1270 2870 .

187 2923 229 2964 est
244 2923 397 2981 peccatum,
418 2912 505 2962 videt:
526 2910 579 2974 sic,
598 2910 622 2962 ei
641 2908 707 2980 quid
718 2910 747 2961 in
766 2920 861 2961 nostra
878 2909 999 2961 oratione
1011 2908 1158 2973 claudieat,
1175 2927 1235 2960 sen·

189 3002 240 3053 tite
264 2999 312 3052 sed
326 3005 422 3068 poe'tae
445 3018 496 3051 non
520 2998 643 3069 ignoscit.
688 2996 769 3049 Unde
794 3007 865 3051 recte
889 2996 998 3051 coniicit
1022 2994 1151 3048 exsibilari
1179 3014 1233 3046 non

188 3086 341 3140 histrionem
361 3096 472 3157 proptor
490 3086 567 3139 metri
585 3085 799 3157 neglectianem,
827 3084 872 3138 sed
890 3103 1011 3148 versum,
1039 3083 1058 3135 i.
1078 3101 1101 3135 e.
1128 3094 1233 3154 poetam

188 3185 300 3246 propter
316 3193 435 3240 versum,
455 3174 531 3226 euius
547 3184 637 3227 tamen
657 3172 829 3243 reprehensio
845 3173 874 3224 in
893 3182 1060 3244 praesentem
1079 3168 1232 3222 histrionem

189 3263 360 3317 coniiciatur:
388 3281 470 3333 quare
488 3280 545 3315 non
563 3260 694 3332 scripsisse
712 3264 871 3315 Ciceronem
890 3261 921 3311 ai
946 3277 1050 3313 aeream
1072 3256 1236 3326 prenuntia-

188 3351 245 3416 ait,
263 3350 380 3403 utsise
398 3351 489 3402 oravit·
523 3347 582 3402 Mr.

259 3437 419 3490 exsibilatur
442 3447 469 3488 et
493 3432 672 3509 exploditur:]
714 3436 897 3508 „praepositio
929 3454 962 3486 ex
991 3436 1020 3487 in
1046 3433 1086 3487 his
1118 3444 1145 3485 et
1177 3432 1235 3485 aliis

111 3583 115 3595 1
188 3526 274 3581 verbis
291 3523 421 3596 signifieat
439 3525 680 3596 improbationem:
699 3543 788 3596 quae,
800 3525 821 3576 si
840 3523 871 3577 fit
887 3522 964 3576 sibilo
982 3523 1052 3590 orie,
1071 3521 1170 3576 dieitur
1185 3540 1233 3571 ee·

189 3614 297 3666 sibilare
320 3613 452 3683 aliquem:
483 3614 504 3664 si
532 3611 626 3683 plausa
647 3630 794 3677 manuum,
824 3611 922 3664 dieitur
947 3611 1086 3678 explodere
1110 3609 1235 3681 aliquem.

188 3702 273 3753 Cuius
286 3701 452 3754 eontrarium
470 3711 510 3754 est
525 3701 560 3754 ab
575 3700 670 3754 eodem
695 3701 777 3755 verbo
796 3699 937 3768 plaudere,
955 3696 1133 3769 applaudere,
1161 3700 1233 3772 qaod

189 3785 558 3859 signifieatapprobationera
577 3808 706 3843 manuum
725 3789 819 3862 plausu
837 3786 1042 3858 significatam.“
1060 3787 1164 3857 Wytt.

259 3879 294 3928 In
311 3877 370 3929 vita
390 3886 435 3934 tu,
454 3894 523 3947 puae
542 3876 611 3927 omni
629 3886 709 3946 gestu
725 3877 793 3929 mod.
820 3875 890 3928 omni
909 3893 985 3926 versu
1005 3873 1095 3943 aptior
1112 3893 1168 3925 esse
1187 3875 1234 3924 ‹le-

190 3963 248 4028 bet,
267 3974 298 4016 ut
317 3964 345 4015 in
363 3964 426 4033 syll.
447 3974 475 4014 te
490 3980 599 4032 peceare
618 3964 699 4031 diaes]
736 3968 790 4030 „In
808 3964 866 4015 vito
884 3972 931 4023 tu,
949 3963 1007 4031 qui
1025 3980 1049 4014 a.
1066 3981 1094 4033 g.
1114 3981 1148 4011 m·
1166 3980 1189 4017 ο.
1209 3982 1235 4012 ν.

188 4071 215 4106 a.
232 4072 255 4109 e.
274 4051 377 4111 debes‚·¹
388 4064 427 4104 ut
444 4053 473 4104 in
491 4049 599 4120 syllaba
616 4060 637 4104 t.
653 4069 681 4121 p.
693 4052 718 4102 d.
739 4049 963 4122 quattuordecim,
980 4050 1009 4100 in
1028 4066 1144 4119 quorum
1163 4065 1229 4099 uno:

189 4143 222 4193 ln
240 4141 299 4192 vita
318 4149 350 4191 tu
368 4140 461 4211 itaque
480 4160 503 4193 o.
523 4159 551 4210 g.
569 4150 620 4193 etc.
663 4143 765 4192 Gestu:
797 4138 896 4189 Versu:
922 4136 1063 4189 Histrionis
1077 4133 1178 4186 »vitium
1205 4129 1231 4179 in

188 4237 279 4297 gestu,
299 4236 393 4298 poetae
410 4227 438 4280 in
457 4247 541 4281 versu.
578 4209 630 4280 de
651 4233 728 4298 potita
749 4247 803 4281 non
822 4226 948 4298 prodibat
965 4224 993 4275 in
1013 4238 1136 4284 menam,
1154 4217 1235 4270 dabat
