3059 4925
493 471 686 520 reniroxou
715 471 758 518 v1.
790 471 859 520 air.
876 473 925 519 111.
1162 445 1234 520 321

257 648 304 681 nec
322 631 354 680 ai
372 629 577 698 tempestatum]
597 627 659 693 „Sic
679 637 821 702 quattuor3
838 647 885 682 nee
902 631 934 680 in
951 639 1150 697 tempestatum,
1166 629 1234 682 duo:

187 715 271 787 [quod
292 734 320 768 ex
340 733 482 786 perperim
499 714 567 769 lecta
587 733 651 768 voce
670 716 704 766 vi
722 727 811 769 ortum
830 718 892 783 een]
912 715 1017 787 Reliqui
1036 717 1162 771 omittunt
1181 718 1235 768 υἱέ*

186 800 263 856 ΑΜ.
278 800 368 855 Man.
404 804 480 868 „Nec
496 812 703 872 tempestatum:
722 802 794 856 haud
812 823 888 858 secus
905 802 970 856 olim
988 804 1049 858 editi
1069 816 1095 857 et
1112 805 1151 859 sic
1166 803 1234 857 Pell.

187 907 289 946 omnen.
331 888 477 945 Gulielmio
495 890 660 962 probabatur
676 890 770 945 veteris
788 890 911 945 editionis
936 890 1016 945 lectio
1033 890 1234 959 perturbatione

186 987 356 1031 movetur.
405 977 435 1029 in
463 977 520 1030 1³21.
545 997 586 1050 pr.
612 987 692 1030 exstet
720 995 768 1030 nec
793 978 828 1029 vi
846 980 1062 1047 tempestatum
1094 977 1233 1032 Gruter.

184 1063 231 1118 Eu
258 1066 321 1118 item
345 1064 546 1133 perturbatione
569 1064 598 1117 in
623 1061 710 1118 codd.
735 1063 801 1116 Ou.
820 1063 852 1115 E.
871 1064 907 1118 U.
924 1065 943 1117 Ι.
962 1084 987 1133 η.
1006 1083 1036 1126 ψ.
1058 1063 1137 1119 Suer.
1174 1064 1232 1134 Ego

185 1169 247 1204 cum
265 1151 334 1205 Hau.
353 1151 418 1204 Ero.
435 1152 519 1206 Weiu
530 1150 606 1206 Scire.
615 1149 720 1206 Gernh.
736 1151 825 1205 Nobb.
844 1151 894 1205 Or.
911 1152 997 1216 Tun,
1014 1152 1094 1206 etiem
1113 1171 1143 1206 ex
1153 1151 1232 1205 Bero.

184 1236 243 1291 Ber.
261 1237 352 1292 Guelf.
368 1240 513 1310 posterius,
530 1259 558 1292 ex
579 1238 751 1311 paucioribus
770 1241 813 1303 vi,
830 1239 928 1311 recepi.
964 1238 1024 1296 Me.
1093 1289 1103 1308 ,

253 1324 466 1395 perturbatione]
504 1326 565 1380 Vid.
589 1337 681 1381 annot.
705 1325 829 1397 praeced.
846 1355 881 1365 —
918 1324 1159 1392 „Perturbatione‚
1184 1323 1232 1376 de·

184 1431 241 1465 oem
260 1422 361 1484 septem
379 1414 442 1467 mei.
481 1413 644 1467 Turbatione
662 1416 757 1467 unue“
786 1414 859 1467 Ald.
877 1412 964 1466 Man.
1000 1417 1173 1481 „Tempestas
1190 1412 1231 1464 di-

123 1559 125 1568 x
183 1502 253 1556 citur
270 1502 303 1556 de
322 1512 393 1562 certa
416 1502 520 1558 ratione
539 1514 566 1560 et
583 1503 710 1572 temperie
735 1502 804 1557 coeii
822 1515 848 1556 et
866 1503 948 1569 airis,
976 1501 1103 1567 humore,
1125 1500 1231 1568 ardore,

182 1591 284 1662 frigore
303 1601 352 1644 cet.
371 1589 410 1642 vel
437 1609 558 1661 congruo
577 1592 657 1643 rebus
675 1590 813 1662 corporeis
836 1590 875 1642 vei
899 1608 955 1652 nnn
982 1590 1053 1642 item.
1103 1593 1231 1657 Tempora

183 1678 310 1732 dicuutur
329 1676 362 1730 de
380 1675 534 1732 hominibus
552 1676 591 1729 vei
611 1676 721 1747 pacifica
739 1675 780 1729 vei
798 1675 933 1742 bellicosa,
951 1675 990 1728 vel
1008 1675 1171 1741 turbuiente,
1190 1674 1230 1746 rel

173 1763 355 1837 tranquillo.“
374 1765 481 1834 wyri.
520 1764 563 1818 De
581 1764 695 1818 lectione
710 1762 914 1834 perturbatione
934 1762 984 1817 vid.
1004 1762 1083 1815 etiam
1106 1762 1230 1815 Doeder-

182 1853 246 1907 lein.
263 1853 320 1908 Lot.
339 1851 442 1923 Syron.
461 1871 487 1908 u.
504 1852 591 1921 Etym.
608 1851 641 1905 Τ.
659 1851 691 1905 Π.
711 1872 737 1922 ρ.
756 1854 817 1905 2⁰8.
836 1879 871 1889 -
915 1849 982 1916 „Sic
998 1848 1067 1902 Edd.
1086 1859 1146 1906 reti.
1170 1847 1230 1918 ple·

182 1959 289 2011 raeque.
331 1939 421 1993 Altera
439 1940 531 2004 lectio,
553 1941 767 2009 permutatione,
795 1936 867 2009 quod
891 1936 959 1989 Edd.
980 1935 1076 1992 colon.
1096 1936 1164 1989 Veo.
1180 1934 1228 1990 ba-

181 2028 264 2093 hent,
280 2026 367 2082 leuior
385 2038 437 2092 eet,
455 2045 537 2098 quam
556 2046 606 2097 pro
624 2029 680 2080 re.“
699 2025 765 2082 Ero.
785 2054 820 2064 -
838 2021 943 2077 Erravit
957 2022 1037 2076 Erue
1054 2020 1228 2075 habeniEdd.

182 2123 259 2179 rein,
284 2131 350 2185 quae
375 2114 511 2177 norimus,
534 2112 591 2165 fere
614 2130 708 2166 omnen
723 2111 936 2181 permutatione,
963 2113 1036 2184 quod
1064 2108 1152 2162 minus
1170 2106 1229 2179 pia·

184 2210 234 2256 cete
272 2200 330 2254 Me.

158 2319 161 2323 ,
253 2290 315 2357 Qua
330 2288 449 2356 praediti
466 2289 514 2359 qui
531 2299 612 2354 eunt,
630 2288 681 2344 eeli
698 2299 763 2342 eunt
783 2288 900 2355 divine]
920 2286 988 2339 God.
1007 2285 1086 2338 Dred.
1100 2288 1124 2338 5.
1143 2285 1228 2354 quia

181 2374 361 2445 quapraed.
378 2384 451 2429 runt.
485 2374 567 2428 Dred.
585 2378 611 2430 4.
636 2392 705 2445 qua
731 2376 792 2445 qui
817 2376 910 2444 praed.
937 2375 1031 2436 eint‚·
1056 2371 1125 2424 Edd.
1153 2368 1226 2425 Crat.

180 2460 276 2533 Magn.
293 2459 369 2515 Man.
391 2460 484 2517 Lemb.
502 2460 562 2517 Ald.
580 2465 659 2519 itm.
677 2461 757 2516 1⁵52.
783 2460 879 2517 Goion.
897 2459 967 2513 Aut.
986 2457 1045 2513 Tel.
1063 2454 1138 2529 sylb.
1158 2475 1227 2530 qua

180 2550 240 2622 qui
255 2549 349 2617 praed.
367 2559 441 2602 euru.
478 2547 549 2602 Gud.
567 2548 600 2604 A.
620 2547 717 2604 omittit
735 2549 783 2619 qui
800 2559 875 2604 eunt.
919 2546 977 2600 Cre.
997 2552 1022 2600 2.
1048 2545 1145 2599 omittit
1169 2564 1226 2596 ver·

179 2637 247 2690 bum
272 2646 337 2688 eunt
357 2647 418 2708 post
439 2636 499 2690 coli.
547 2635 601 2688 Pro
625 2635 790 2706 fructuosae
815 2634 864 2689 Or.
883 2653 912 2698 ψ.
940 2633 1021 2687 haber
1046 2641 1226 2702 sumptuosae,

180 2723 252 2777 idem
272 2724 358 2796 pergit
374 2735 402 2776 et
421 2724 653 2794 sempiternalis.
698 2722 749 2795 Ox,
768 2723 800 2777 Ε.
818 2723 869 2776 eali
887 2741 937 2793 pro
959 2722 1070 2793 solique.
1118 2718 1225 2772 Suerin.

179 2811 260 2867 habet
278 2812 329 2865 caii
345 2812 453 2863 etiam
476 2812 623 2880 possident.
666 2811 738 2864 Tum
763 2810 844 2863 Drsd.
864 2816 887 2863 2.
913 2809 986 2880 quod
1011 2819 1053 2859 eet
1079 2805 1227 2857 divitia-

172 2918 253 2950 aum
274 2898 422 2968 propriu
431 2916 464 2950 m.
512 2897 535 2949 A
563 2897 668 2950 duobus
693 2896 798 2950 Aidiois
821 2897 895 2949 abent
921 2906 949 2946 et
973 2904 1035 2947 aule
1053 2894 1225 2964 fructuosae.

180 2984 247 3039 Cod.
267 2983 327 3038 Bos.
345 2984 442 3039 omittit
460 2995 487 3036 et
505 2985 689 3054 sempiternae·
724 2982 785 3036 Mr·
969 3045 975 3051 ‚

252 3073 370 3125 contenti
384 3083 451 3124 runt
470 3071 548 3126 rebus
572 3073 637 3127 ruis.
673 3073 749 3125 Satis
773 3089 829 3124 eree
850 3070 979 3141 putant,]
1025 3066 1174 3136 „Rescripsi
1200 3076 1226 3118 et

180 3159 345 3230 interpunxit
363 3161 482 3212 contenti
499 3159 577 3214 rebus
596 3162 668 3225 suis,
686 3161 755 3212 satie
774 3178 830 3212 eree
843 3167 962 3227 putant,
979 3166 1084 3211 secutus
1101 3154 1225 3207 Pithoeu-

180 3265 246 3300 uum
265 3246 344 3301 MS.“
362 3246 483 3300 Graev.
529 3247 662 3301 Fecerunt
679 3247 751 3301 idem
770 3245 886 3299 Faccioi.
907 3244 948 3313 (in
966 3243 1016 3296 Ed.
1034 3242 1150 3304 Veneta,
1174 3258 1225 3292 nec

180 3335 287 3389 veroin
307 3333 357 3386 Ed.
377 3335 471 3404 prime,
491 3353 560 3406 quae
577 3334 676 3387 Patavii
690 3337 770 3388 tito.
790 3332 911 3404 prodiit)
930 3329 995 3384 nihil
1013 3347 1134 3390 monens,
1153 3327 1223 3379 Hub.

179 3419 280 3477 Gernh.
299 3421 387 3475 Nobb.
420 3421 456 3475 Er
474 3421 575 3479 Gernh.
593 3423 702 3494 quidem
721 3422 807 3477 addin
833 3420 898 3473 haec
916 3419 1014 3473 arctius
1031 3414 1158 3484 coniungi
1177 3413 1224 3465 de-

180 3507 273 3562 buisse.
310 3512 410 3564 Contra
431 3528 462 3562 ee
482 3512 670 3580 praestirerit
688 3508 807 3563 Orellius
826 3507 1004 3578 plurimorum
1025 3505 1091 3572 [imo
1103 3502 1223 3571 reliquo·
1337 3544 1343 3554 ,

178 3613 240 3649 rum
257 3596 390 3663 omnium]
410 3595 566 3662 lectionem,
593 3598 656 3669 quia
680 3615 762 3668 quam
788 3594 910 3667 piurimis
935 3592 1060 3645 membris
1087 3586 1223 3641 disiunctis

179 3678 320 3752 αὐτάρκεια
340 3685 437 3739 horum
456 3685 596 3740 bominum
615 3684 789 3756 eig'nifrconda
808 3683 895 3736 suerit.
932 3679 1013 3748 Quod
1033 3676 1096 3730 mihi
1115 3675 1223 3747 quidem

178 3771 280 3827 videtur
290 3775 460 3828 verissimum.
496 3775 549 3827 Sed
563 3774 686 3845 equidem
702 3773 840 3838 maiorem,
859 3789 914 3823 noo
931 3769 1062 3820 minorem
1075 3763 1223 3817 distinctio·

178 3878 239 3912 nem
260 3862 412 3933 ponendam
433 3862 582 3914 existimari.
620 3864 747 3915 Ceterum
764 3871 803 3914 est
821 3860 878 3911 ruis
896 3856 976 3909 rebue
992 3855 1021 3907 in
1032 3852 1117 3907 codd.
1127 3849 1184 3905 Cre.
1198 3854 1221 3904 3.

178 3956 204 4003 ⁰⁸
223 3948 303 4011 Dat.
322 3955 364 4014 5.;
389 3951 418 4004 in
443 3949 522 4005 Drsd.
542 3956 568 4005 2.
593 3961 631 4004 est
649 3951 718 4002 satie
744 3957 847 4019 putant
865 3965 930 3999 eece.
972 3942 1014 3997 Ad
1042 3962 1065 3993 v.
1088 3947 1221 4010 appetunt

176 4033 237 4091 Fre·
256 4036 328 4107 Syiv.
346 4037 418 4091 addit
436 4037 583 4109 explicandi
603 4056 693 4092 causa:
722 4037 798 4103 „sine
822 4035 953 4089 ratione.“
999 4030 1070 4085 Tum
1096 4025 1167 4079 Gud.
1187 4023 1220 4074 A.

176 4119 235 4175 Cn.
252 4129 277 4177 2.
295 4122 345 4177 Ox.
359 4123 396 4175 E.
415 4124 449 4180 N.
468 4144 497 4188 ψ.
521 4128 642 4199 indigent
661 4144 712 4197 pro
736 4133 830 4196 egent,
858 4122 929 4175 idem
953 4119 1051 4173 habeut
1075 4126 1126 4166 tres
1150 4107 1219 4173 uidi,

175 4204 281 4261 Graevii
299 4208 475 4278 pithoeanus,
494 4212 590 4271 Orellii
608 4213 689 4271 Beru.
708 4223 733 4269 ei
751 4210 840 4264 Gueli.
868 4209 935 4263 eod.
955 4216 1043 4260 autem
1063 4200 1112 4254 Οι.
1130 4215 1158 4260 ψ.
1177 4215 1221 4248 ex·

945 4294 992 4365 21
