3059 4925
292 438 366 515 ³62
706 460 870 511 excussos
898 463 944 510 xi.

290 626 369 678 verba
387 635 463 678 sunt:
483 623 577 694 Quid?
595 623 668 695 qnod
688 623 784 678 eruditi
805 642 860 676 noo
888 633 1002 693 negant,
1030 621 1059 675 in
1077 621 1215 677 Ciceronis
1240 623 1344 695 scriptis

290 712 402 767 inveniri
419 711 590 766 soloecismos
607 710 815 765 inesnssahilesi
867 710 970 779 Quales
987 721 1014 764 et
1032 708 1096 763 olim
1121 709 1292 777 esc'ulerunt,
1318 724 1344 766 et

290 801 414 855 excidunt
431 798 508 852 hodie
527 798 587 851 siris
604 797 722 864 eruditis,
741 799 817 865 dnm,
836 799 864 851 in
884 798 967 851 sarias
985 817 1027 851 res
1040 796 1162 852 distracta
1174 797 1344 868 cogitatione,

291 887 375 958 magis
391 885 535 940 sententiae
554 885 736 955 praecedentis
753 886 948 951 meminerunt,
975 903 1055 957 quarn
1075 886 1233 951 verborum,
1256 903 1342 957 eoque

289 973 335 1040 fit,
354 984 384 1026 ut
401 973 502 1044 periodi
522 972 639 1025 clausula
657 973 791 1043 prioribus
809 992 865 1026 nou
886 973 1055 1044 respondeat.
1091 972 1173 1039 Quod
1192 992 1279 1044 genus
1295 974 1342 1026 sits

291 1062 406 1113 Diutius
424 1078 587 1114 comrsoruns
605 1061 738 1124 Athenis,
767 1060 893 1131 quoniam
910 1061 984 1113 uenti
1002 1059 1138 1132 rugabant
1150 1061 1277 1119 ‚solvendi
1288 1061 1343 1132 su-

287 1148 439 1214 ‘cultatem
454 1158 513 1199 erat
533 1151 639 1199 unimus
658 1147 697 1198 od
713 1158 741 1198 te
760 1147 882 1202 seribere.
919 1147 999 1201 lnitio
1017 1149 1168 1200 venabatur
1186 1147 1213 1199 in
1236 1150 1341 1202 animo:

288 1233 408 1286 volebam
424 1244 472 1287 aut
489 1244 655 1286 statueram:
681 1243 742 1305 post
759 1234 844 1304 magis
868 1234 969 1287 amisit:
994 1235 1022 1285 in
1041 1236 1130 1294 anime
1147 1247 1217 1287 erut.
1263 1235 1342 1303 Quae

290 1340 367 1376 voces
384 1321 500 1373 eundem
518 1320 638 1375 ellicinnt
656 1340 772 1387 sensum,
790 1321 836 1374 sed
855 1340 950 1393 parum
969 1333 1125 1392 congruunt
1143 1340 1203 1374 cnm
1215 1321 1254 1386 iis,
1274 1340 1343 1393 quae

290 1410 514 1479 praecesserant.“
558 1406 692 1459 Hactenus
720 1406 896 1478 Bulephorus.
943 1407 973 1459 ln
1002 1407 1029 1460 id
1047 1408 1099 1461 vitii
1126 1409 1238 1480 impegit
1262 1409 1340 1462 etiarn

289 1492 447 1564 liudolphus
463 1493 589 1563 Agricola
609 1494 679 1546 libro
706 1494 739 1547 de
764 1494 919 1547 inventione
942 1494 1078 1548 dialectica
1097 1496 1230 1561 secundo,
1255 1497 1342 1567 capite

291 1582 393 1654 primos
411 1582 595 1651 „Principem,
613 1581 709 1652 inquit,
729 1585 846 1634 Graecae
859 1582 1014 1652 facundiae
1029 1582 1116 1633 uirum
1132 1583 1342 1645 Demosthenem,

289 1669 404 1723 eumad
423 1668 522 1721 bellum
541 1678 635 1721 contra
651 1666 806 1739 Philippum
824 1667 1004 1721 Macedonum
1031 1686 1121 1738 regem
1141 1668 1235 1721 maiori
1256 1688 1342 1740 appa·

291 1769 352 1811 ratu
369 1768 449 1828 atque
468 1775 534 1809 cura
553 1755 702 1827 gerendum
728 1755 860 1826 populum
879 1754 1029 1809 hortaretur
1046 1754 1235 1809 Atheniensem
1259 1755 1342 1807 doce-

291 1857 399 1917 retque,
424 1844 551 1915 quicquid
572 1844 731 1897 incrementi
751 1843 994 1915 magnitudinisque
1012 1841 1127 1918 Philippi
1152 1843 1233 1896 rebus
1251 1861 1342 1896 acces·

290 1932 375 1997 sisset,
397 1948 452 1982 non
472 1933 524 1983 tain
546 1928 616 1982 illius
633 1948 688 1982 esse
707 1928 820 1994 viribus,
852 1948 932 2000 quam
952 1929 1050 1981 desidia
1069 1940 1095 1981 et
1114 1929 1239 1982 inanibus
1257 1927 1341 1981 Athe·

290 2018 422 2071 niensium
441 2018 617 2071 concionibus
638 2017 783 2081 ellectum,
811 2016 838 2068 in
865 2014 934 2069 hanc
958 2016 1028 2068 inter
1053 2025 1157 2068 caetera
1184 2014 1341 2067 sententiam

290 2108 397 2158 Iocutus
414 2111 483 2159 est.“
517 2104 563 2157 Est
578 2102 650 2155 enim
669 2102 734 2157 haec
753 2122 813 2156 sera
832 2103 924 2156 lectio:
953 2121 1009 2155 non
1028 2121 1076 2167 ea,
1101 2121 1171 2173 qnae
1189 2101 1268 2172 vulgo
1286 2101 1342 2154 oir-

291 2192 451 2246 oumlertur:
477 2191 604 2259 Princeps
630 2195 747 2243 Graecus
769 2191 992 2263 facundiaesir
1018 2191 1222 2241 Demosthenes:
1258 2208 1341 2259 quam

290 2290 356 2349 puto
374 2278 537 2351 suppositam
561 2278 707 2351 abaliquo
730 2279 787 2332 viro
812 2279 931 2343 erudito,
958 2278 1002 2332 cni
1028 2276 1080 2331 huc
1104 2274 1259 2346 ,persuaderi
1284 2296 1341 2330 non

242 2415 244 2419 .
292 2376 409 2437 poterat,
427 2376 455 2419 ut
475 2364 631 2436 liudolphus
650 2364 775 2436 Agricola
796 2377 849 2419 tam
868 2366 946 2420 foede
964 2364 1053 2435 lapsus
1070 2375 1145 2417 esset.
1190 2365 1272 2434 Atqui
1291 2384 1342 2433 pa·

291 2475 353 2508 rens
370 2452 538 2525 eloquentiae
563 2473 622 2507 eam
648 2452 755 2524 culpam
782 2454 862 2506 vitare
891 2472 946 2505 non
974 2451 1088 2524 potnitj‘
1141 2451 1342 2506 Morisotus.

291 2543 371 2595 Unde
390 2541 461 2594 vides
477 2540 636 2595 Morisotum
655 2541 814 2612 significare,
833 2541 937 2611 lapsum
955 2561 1011 2594 esse
1023 2538 1192 2606 Ciceronem,
1212 2560 1262 2594 nec
1278 2560 1341 2594 sero

291 2627 481 2699 corrigendum
500 2646 555 2681 esse
572 2627 625 2687 hoc
641 2627 780 2681 Ciceronis
797 2626 952 2697 παρὸραμα,
979 2629 1025 2699 qui
1043 2628 1105 2681 alibi
1131 2647 1239 2699 qnoque
1258 2629 1285 2680 in
1305 2629 1342 2681 si-

292 2715 364 2767 milia
388 2714 518 2766 inciderit.
563 2713 622 2766 Alia
645 2725 732 2766 autem
759 2713 809 2766 luit
837 2733 913 2767 mens
930 2715 1050 2768 Tbomae
1077 2716 1206 2773 Bentleii,
1233 2717 1278 2787 qni
1305 2717 1341 2767 ita

292 2801 394 2872 lapsum
411 2819 465 2854 esse
485 2798 644 2853 Ciceronem
663 2801 773 2854 credere
790 2801 890 2867 noluit,
916 2813 942 2855 et
960 2802 1074 2856 librariis
1092 2803 1200 2874 culpam
1220 2805 1340 2856 tribuens

291 2888 326 2942 ita
343 2889 392 2941 sibi
411 2887 551 2942 restituisse
570 2888 636 2941 visus
654 2900 693 2942 est
711 2887 848 2942 Ciceronis
867 2908 997 2956 manum,
1027 2901 1056 2943 ut
1078 2891 1226 2962 corrigeret
1242 2910 1337 2961 supra:

293 2977 340 3048 qui
358 2976 470 3047 denique
488 2974 576 3027 omnia
595 2976 701 3028 uenalia
719 3004 753 3019 -
773 2976 903 3042 alienum,
922 2988 1018 3030 tuum
1037 2978 1100 3049 [pro
1118 2978 1207 3044 suom]
1232 2989 1340 3031 seuten-

291 3065 358 3115 tiam
380 3060 519 3130 [nimirum
539 3062 600 3132 quia
620 3063 710 3133 paullo
730 3064 853 3134 superins
870 3076 922 3118 est:
953 3067 1000 3135 qui
1016 3064 1112 3134 (videt)
1134 3076 1220 3118 tuus
1244 3085 1342 3118 merce-

293 3151 356 3203 dum
371 3150 535 3219 poetiorzes,]
566 3160 658 3204 nostro
687 3160 775 3205 autem
805 3151 880 3218 loco,
911 3152 1001 3206 eiectis
1018 3152 1126 3205 vocibus
1143 3153 1215 3203 huno
1240 3164 1265 3206 et
1282 3154 1343 3218 sibi,

292 3236 387 3310 pergit,
405 3235 444 3288 vel
464 3237 551 3307 potius
563 3234 722 3292 Ciceronem
741 3239 858 3293 scribere
875 3239 949 3293 iubet
962 3240 1101 3310 cogitque:
1120 3240 1181 3310 quis
1192 3258 1246 3292 non
1261 3249 1343 3308 putet

292 3326 423 3395 confiteri,
442 3327 564 3397 quaesito
575 3344 642 3393 opus
652 3324 731 3379 esse?
748 3324 807 3379 lloc
817 3345 878 3378 sero
893 3338 932 3380 est
944 3327 995 3378 sim
1005 3325 1105 3378 inlerre
1122 3324 1254 3396 scriptori.
1288 3326 1343 3380 Fac

293 3415 327 3467 its
346 3412 478 3483 scripsisse
496 3409 672 3477 Ciceronem,
699 3422 729 3467 ut
751 3431 814 3465 enm
832 3413 949 3468 scrihere
972 3414 1063 3467 docuit
1079 3412 1197 3467 Thomas
1215 3412 1342 3466 incredu-

293 3501 346 3554 lus:
366 3499 425 3572 quis
444 3518 563 3570 unquam
581 3499 617 3553 ita
635 3499 789 3554 correxisset
808 3500 847 3555 sel
869 3501 1037 3555 contorsisset
1053 3499 1189 3556 Ciceronis
1207 3500 1295 3564 rerba,
1313 3512 1344 3555 ut

294 3607 420 3660 personas
438 3597 553 3642 mutaret
569 3599 595 3641 et
612 3587 691 3642 variis
704 3587 772 3642 locis
790 3590 869 3643 verba
887 3589 1050 3654 intruderet,
1069 3588 1174 3659 quihus,
1194 3589 1266 3659 qnod
1285 3606 1342 3641 non

293 3676 393 3742 inerat,
419 3674 472 3731 sive
489 3669 669 3729 ἀνακόλουθον
692 3676 848 3745 inferretur,
877 3677 930 3731 sire
954 3676 1095 3747 enallage?
1140 3675 1208 3728 Mihi
1233 3677 1344 3748 quidem

294 3764 418 3819 satisfacit
435 3784 465 3819 ea
484 3763 561 3818 huius
582 3761 743 3819 difficultatis
770 3765 947 3836 expediendae
965 3764 1050 3832 ratio,
1079 3783 1159 3836 quam
1183 3764 1290 3835 exposui
1314 3764 1343 3818 in

295 4003 469 4056 nuntiatione.
506 4002 595 4069 Quem
609 4004 754 4057 Morisotus
771 4004 873 4058 exhibet
891 4002 1031 4068 tocum,.is
1048 4001 1084 4053 ibi
1103 4001 1199 4071 legitur
1210 4004 1295 4071 patu
1303 4022 1344 4073 sq.

296 4104 329 4114 -·
348 4074 401 4127 Sed
419 4075 453 4127 de
471 4092 503 4126 eo
522 4072 612 4126 libello
629 4075 716 4146 deque
734 4075 781 4139 iis,
807 4075 852 4145 qui
875 4086 968 4127 contra
993 4091 1054 4125 eum
1082 4074 1258 4142 scripserunt,
1283 4074 1344 4125 ride

296 4145 410 4198 Noltenii
431 4142 620 4197 Bibliothecam
641 4145 787 4198 Latinitatis
806 4144 948 4210 restitutae,
967 4162 1095 4196 annexam
1110 4154 1183 4196 tomo
1203 4145 1345 4214 posteriori

298 4215 380 4271 liesici
401 4217 508 4269 Latinae
528 4216 645 4287 Linguae
663 4216 850 4283 Antibarhari,
871 4236 895 4287 p.
914 4218 966 4270 lit
984 4234 1022 4285 sq.
