3059 4925
511 488 553 533 aa
582 485 778 534 isernoros
799 487 842 546 vr,
866 484 890 535 a.
1155 461 1230 535 367

183 657 209 701 et
227 648 254 699 in
273 647 419 719 posteriore
439 647 587 714 annotap't:
614 645 760 711 „Sescenta
786 644 829 698 itta
857 662 911 698 non
930 644 1011 698 modo
1030 645 1062 697 ad
1081 643 1232 700 huiusmodi

186 727 307 805 sumptus
324 753 379 787 non
398 733 551 799 sufficiunt,
580 733 624 786 sed
646 750 680 785 ne
706 732 739 785 ad
765 732 844 785 senus
862 731 969 803 quidem
994 731 1148 785 solvendum
1173 733 1233 786 satis

186 834 255 878 sunt.
292 822 449 893 sumptuosi
468 821 539 874 enim
559 820 680 891 ingentes
697 820 825 891 pecunias
842 819 936 873 fenore
954 824 1091 874 sumunt.“

255 942 273 993 Ι.
286 942 317 995 Α.
333 941 514 995 Ernestus:
535 938 673 1006 (exbibens
691 940 814 993 Lambini
832 938 988 1005 lectionem)
1008 938 1076 1007 „Hic
1095 940 1162 992 ordo
1174 939 1231 991 vui-

182 1040 257 1102 gatus
275 1040 332 1082 erat
350 1040 410 1082 ante
428 1028 588 1082 Lambinum
608 1028 689 1096 [rides
705 1048 783 1093 eum,
810 1047 843 1081 ne
869 1027 993 1099 inspectis
1020 1026 1128 1099 quidem
1156 1026 1232 1092 Edd,

182 1119 209 1169 in
228 1117 307 1169 verba
326 1116 448 1170 Lambini
468 1118 581 1185 iurare:]
610 1118 655 1188 qui
674 1128 700 1171 et
717 1117 839 1179 servavit,
867 1116 913 1169 etsi
941 1114 1062 1167 inlibris
1086 1114 1190 1186 scriptis
1208 1124 1232 1167 et

181 1203 343 1257 editionibus
361 1215 420 1257 vett.
440 1215 575 1275 repererat
600 1224 652 1255 non
678 1205 753 1258 modo
776 1204 815 1253 od
826 1203 991 1273 fructum
1011 1231 1044 1241 -
1063 1213 1232 1271 sumptus.

181 1288 280 1344 Sensus
299 1290 407 1362 quidem
425 1290 499 1343 iilum
519 1289 641 1343 ordinem
661 1290 787 1361 requirit,
807 1288 879 1343 hunc
896 1307 966 1341 non:
994 1287 1085 1359 itaque
1103 1287 1232 1341 restitui-‘⁴

183 1376 247 1429 Post
265 1375 405 1430 Ernestum
426 1377 514 1430 nntius
532 1376 664 1430 editorum
683 1376 716 1429 ad
735 1375 846 1429 Gruteri
871 1387 1042 1448 veterumque
1060 1375 1128 1428 Edd.
1147 1375 1232 1446 pluri·

183 1482 289 1516 marum
309 1464 452 1518 lectionum
471 1465 557 1518 rediit.

255 1566 290 1619 D.
309 1567 609 1640 wyttenbachius
627 1566 669 1633 (in
688 1567 800 1636 seboiis,
819 1569 916 1622 reiecta
936 1579 995 1622 vett.
1014 1568 1073 1622 edd.
1091 1567 1232 1638 lectione):

181 1652 217 1720 „i.
237 1674 279 1721 e.,
298 1655 400 1727 inquit,
420 1655 463 1709 hic
481 1656 584 1709 {ructus
604 1654 642 1707 vel
661 1654 761 1709 reditus
780 1656 888 1728 exiguus
904 1667 956 1720 est,
974 1673 1028 1708 non
1041 1654 1101 1708 satis
1110 1674 1230 1726 magnus,

184 1762 239 1795 non
260 1742 340 1796 modo
368 1743 401 1795 ad
421 1753 556 1814 sumptum
582 1742 735 1797 iaciendum
754 1743 783 1795 in
810 1763 839 1796 re
858 1742 994 1808 familiari,
1020 1741 1066 1796 sed
1095 1742 1173 1795 etiam
1198 1741 1231 1794 ad

183 1828 259 1881 fenus
277 1828 432 1884 solvendum
451 1850 501 1902 pro
520 1850 550 1884 ea
569 1831 699 1902 pecunia,
725 1851 806 1903 quarn
825 1832 858 1884 ab
877 1830 933 1884 aliis
953 1840 1046 1883 mutuo
1063 1830 1233 1900 sumpseris.“

183 1917 269 1968 Venio
297 1916 362 1981 iam,
390 1922 468 1981 (narn
487 1917 607 1970 Gernb.
634 1917 698 1971 nibil
725 1919 814 1985 addit,
841 1917 892 1971 nisi
916 1936 994 1970 sensu
1022 1915 1171 1987 postulante
1195 1935 1231 1981 se,

184 2023 245 2058 cum
265 2005 394 2070 Ernesto,
413 2006 572 2059 Lambinum
590 2007 679 2078 sequi)
699 2007 732 2060 ad
748 2007 781 2062 H.
801 2006 820 2059 Ι.
841 2006 1080 2076 Borgersium,
1099 2004 1144 2074 qui
1164 2023 1231 2057 con·

184 2092 268 2145 tendit
286 2092 373 2164 tegere
399 2110 491 2146 omnes
518 2104 578 2163 post
605 2092 782 2160 Lambinum,
812 2112 865 2147 non
894 2093 969 2146 modo
996 2093 1036 2144 od
1058 2102 1231 2162 sumptum

183 2177 229 2229 itte
246 2189 287 2230 est
304 2179 369 2248 [να
381 2190 478 2241 ctus,
496 2179 542 2232 sed
561 2190 610 2233 etc.
630 2180 715 2252 [quod
735 2199 816 2251 quam
836 2199 926 2232 rerum
945 2180 996 2244 sit,
1015 2177 1086 2232 vides
1104 2198 1132 2231 ex
1151 2197 1233 2249 supe·

184 2262 311 2317 rioribus:
339 2264 442 2319 videtur
466 2265 622 2338 Borgersius
641 2285 696 2319 non
722 2267 861 2339 inspexisse
881 2266 1044 2332 Gruterum,
1077 2266 1231 2333 Graevium,

184 2348 361 2418 Gronovium,
379 2351 570 2417 Schrevetium,
589 2353 798 2425 Verburgiumz]
818 2354 855 2408 sic
873 2354 975 2425 pergite
991 2353 1148 2426 „quiquam
1163 2353 1231 2407 bene

184 2435 217 2489 de
235 2436 286 2492 boc
302 2436 364 2492 ioco
382 2439 492 2494 meritus
509 2441 555 2507 sit,
585 2440 681 2511 poterit
698 2441 810 2496 iudicari
835 2461 864 2496 ea
889 2440 957 2496 Cod.
977 2441 1097 2496 Vossiani
1125 2442 1171 2495 Nr.
1186 2445 1230 2496 tu.

183 2524 312 2591 lectione,
344 2547 439 2599 quam,
467 2540 497 2582 ut
522 2528 697 2593 verissimam,
727 2529 755 2581 io
775 2540 872 2583 textum
892 2531 1011 2601 recipere
1029 2548 1083 2582 non
1103 2529 1232 2582 dubitavi-

184 2631 255 2665 mus:
274 2617 334 2667 Non
353 2617 427 2669 modo
439 2617 555 2687 fructus
572 2616 618 2667 ille
634 2617 673 2668 od
688 2630 828 2688 sumptus,
846 2617 991 2669 sedetiam
1010 2617 1049 2668 ad
1059 2618 1154 2688 senus,
1173 2618 1232 2668 exi-

182 2720 262 2771 guus.
298 2701 376 2769 Quae
395 2702 473 2756 tectio
491 2703 526 2756 ob
547 2714 662 2776 quatuor
681 2705 881 2758 terminationes
898 2704 927 2757 in
945 2724 978 2757 us
995 2722 1086 2757 ansam
1106 2701 1229 2774 praebuit

182 2786 350 2843 variantibus.
387 2789 444 2844 Cat.
462 2791 494 2855 ΙΙ,
513 2794 543 2844 8:
560 2793 640 2861 Quod
655 2793 680 2845 si
698 2794 833 2845 rnaturius
846 2796 943 2861 jacere
961 2791 1123 2856 voluissent,
1147 2809 1231 2860 neque

182 2886 325 2928 certare
343 2896 412 2929 cum
431 2879 550 2945 usuris
561 2878 752 2950 fructibus
768 2879 1008 2949 praediorum,
1027 2878 1117 2949 ibique
1134 2876 1231 2928 biuret.

182 2972 206 3015 et
224 2961 349 3016 Schiin.“

255 3067 313 3138 Ego
332 3087 407 3135 vero,
427 3087 489 3122 cum
508 3069 638 3136 viderem,
658 3081 772 3125 veterem
791 3070 947 3133 lectionem,
967 3089 982 3122 a
999 3068 1118 3122 Grutero
1136 3069 1230 3121 defen-

183 3172 255 3218 sam,
285 3164 353 3207 stare
372 3173 427 3207 non
449 3174 539 3226 posse,
568 3177 629 3211 cum
649 3158 682 3212 de
706 3158 792 3212 reditu
817 3157 988 3229 praediorum
1007 3156 1170 3223 (defructu)
1189 3156 1232 3208 Ιο-

186 3254 284 3312 quatur
302 3241 410 3309 Cicero,
431 3263 485 3296 non
505 3244 538 3297 de
559 3256 682 3316 sumptu3
701 3266 756 3317 quo
775 3246 846 3299 facto
865 3243 1012 3297 necessario
1023 3242 1140 3315 fructus
1159 3244 1231 3296 Sub·

183 3328 243 3381 iecti
262 3328 350 3382 iocum
370 3341 461 3383 tenere
478 3331 584 3387 debuit:
612 3330 727 3385 eundem
746 3333 818 3385 eninr
839 3331 968 3403 fructum
985 3332 1087 3397 statim,
1117 3331 1150 3384 de
1168 3351 1243 3384 suo--

184 3435 244 3468 rum
264 3417 350 3471 reditu
370 3418 541 3488 praediorum
570 3419 697 3490 loquens,
724 3418 842 3490 vectigal
870 3418 949 3484 dicit,
982 3438 1012 3471 er
1045 3437 1100 3489 quo
1129 3417 1228 3489 aliquid

182 3504 260 3557 etiam
280 3505 426 3571 redundet,
445 3526 501 3558 non
520 3526 549 3559 ex
567 3518 693 3578 sumptus
719 3526 782 3560 cum
801 3518 970 3577 reputarem,
998 3505 1120 3559 Lambini
1139 3505 1231 3559 lectio·

183 3610 245 3644 nem
255 3590 400 3646 Codicibus
417 3604 489 3648 certe
507 3613 563 3647 non
577 3593 686 3661 firmari,
705 3613 869 3666 quamquam
888 3593 921 3646 ad
939 3594 1096 3646 sententiam
1113 3593 1146 3646 sit
1160 3612 1231 3655 vera;

185 3697 243 3730 eam
262 3679 397 3751 ampiexus
414 3700 489 3747 sum,
517 3701 601 3752 quae,
631 3683 796 3754 paucissimis
820 3682 941 3746 mutatis,
973 3700 1061 3752 neque
1088 3682 1229 3735 verborum
1280 3722 1286 3730 ,

184 3767 415 3836 transpositionem
435 3768 587 3839 postulans,
607 3769 686 3823 unius
705 3769 765 3823 iibri
784 3769 849 3823 boni
870 3768 1034 3839 (Vossiani),
1050 3770 1092 3823 cui
1112 3770 1230 3840 proxime

183 3852 285 3905 accedit
302 3851 424 3920 Suerin,
444 3856 537 3909 nititur
555 3856 745 3923 fundamento,
775 3858 810 3910 ita
839 3868 945 3921 tamen,
965 3868 1009 3922 ut,
1039 3858 1113 3929 quod
1132 3857 1228 3920 babent

180 3938 240 3991 iibri
260 3958 368 4008 omnes,
396 3942 606 4016 desideravitque
624 3943 756 4011 Oreliius,
790 3944 931 4009 adderem,
960 3944 1069 3997 verbum
1087 3946 1230 3998 substanti·

182 4044 242 4078 rum
260 4039 317 4094 est,
336 4049 366 4082 ex
384 4028 451 4084 Cod.
469 4031 576 4086 Suerin.

252 4131 354 4201 Restat,
373 4145 402 4188 ut
420 4136 453 4189 de
473 4135 604 4191 Codicum
623 4138 767 4209 scriptione
787 4136 913 4201 reseram,
938 4135 983 4207 qui
1011 4154 1065 4187 non
1092 4134 1124 4187 ad
1144 4152 1227 4186 unum

182 4234 275 4271 omnes
302 4217 398 4276 babent
424 4222 495 4277 ittam
523 4237 640 4279 veterum
675 4226 822 4280 editionum
850 4222 1005 4277 lectionem:
1040 4222 1107 4288 „uti
1126 4250 1157 4263 -
1178 4241 1229 4273 nou
