3059 4925
504 460 700 509 mnsooxon
729 462 772 507 vr.
799 461 868 508 cre.
893 461 929 509 rr.
1170 438 1245 513 287

195 624 285 676 conari
312 641 369 676 rem
388 622 546 677 familiarem
565 640 678 693 augere,
706 620 812 674 studere
837 621 927 675 lucris.
971 620 1026 675 Pro
1054 636 1188 694 quaerunt
1208 637 1246 678 est

194 712 301 782 quaerit
319 713 346 763 in
366 712 416 766 Ox.
435 729 465 773 ψ.
510 710 591 779 Quod
619 708 740 779 sequitur
764 710 925 761 mercaturis
944 709 1096 780 faciendis,
1126 712 1245 765 simililer

195 799 291 870 plurali
312 818 427 853 numero
443 819 506 852 usus
526 809 565 852 est
583 796 640 851 Cic.
659 797 687 849 in
708 798 785 849 Verr.
804 797 863 850 Act.
873 796 905 849 ΙΙ.
925 798 954 850 L.
972 801 1000 863 5,
1019 800 1069 852 28:
1088 818 1148 850 cum
1166 818 1245 850 rner-

195 897 345 939 coturns
358 887 486 958 facerent
505 897 556 938 aut
570 886 691 956 aliquam
708 883 741 936 ob
759 902 871 936 causam
888 885 1059 956 nauigarent.
1097 885 1154 938 Mr.

266 975 352 1043 operis
370 975 480 1042 dandis]
516 973 667 1040 „Mercedis
683 991 778 1038 causa,
803 971 968 1026 inserviendo
987 971 1052 1026 aliis.
1088 973 1135 1026 Sic
1152 981 1245 1027 omnes

195 1061 255 1114 mei.
291 1060 364 1115 Alias
381 1061 502 1132 locandis
519 1062 538 1115 i.
557 1081 580 1115 e.
601 1062 759 1133 operariis.“
779 1060 851 1114 Ald.
867 1060 952 1113 Man.
988 1061 1026 1127 „i.
1037 1080 1061 1114 e.
1074 1080 1169 1131 operas
1186 1081 1246 1115 suas

195 1149 339 1203 locando.“
357 1149 431 1204 Frc.
450 1149 541 1220 Sylv.
586 1149 618 1202 ll.
641 1148 729 1202 Wolf.
756 1158 898 1219 postquam
925 1148 1018 1201 eadem
1043 1149 1147 1218 posuit,
1175 1167 1244 1219 quae

196 1237 293 1303 Aldus,
311 1237 397 1291 addit:
415 1237 572 1309 „Quicquid
591 1237 663 1291 enim
688 1236 755 1289 servi
782 1237 883 1290 artibus
910 1245 937 1289 et
963 1235 1099 1289 laboribus
1120 1236 1174 1289 suis
1198 1254 1245 1289 ac·

196 1325 350 1394 quirebant,
369 1325 395 1377 id
414 1325 447 1377 ad
466 1325 590 1378 dominos
606 1324 718 1378 redibat.
753 1324 813 1377 Hoc
838 1323 919 1375 modo
944 1321 1055 1376 Crassus
1081 1342 1136 1379 non
1163 1323 1243 1377 modo

195 1429 268 1464 areas
286 1412 314 1479 [i.
334 1431 357 1466 e.
376 1411 450 1479 loca,
478 1413 505 1464 in
530 1413 627 1483 quibus
653 1411 787 1464 aedificari
807 1413 939 1483 poterat,]
967 1429 1075 1478 amnas,
1101 1413 1245 1467 combustis

117 1504 119 1507 ’
194 1497 307 1594 a'Sulla
331 1499 455 1553 domibus
479 1501 707 1562 adversariorum,
744 1499 877 1565 vendidit,
908 1500 952 1553 sed
978 1501 1057 1554 etiam
1082 1501 1245 1573 quingentos

193 1603 282 1638 servos
300 1587 391 1640 fabros
409 1589 576 1658 emptoribus
593 1606 716 1640 arearum
726 1587 822 1641 locarit
833 1587 866 1639 ad
878 1587 956 1639 aedes
968 1589 1166 1642 exstruendas.“
1201 1590 1246 1643 Si·

195 1672 293 1727 militer
312 1678 374 1729 Car.
392 1675 556 1746 bangius:
582 1693 695 1743 „operas
721 1676 786 1727 dore
804 1685 843 1727 est
867 1692 1004 1726 servorum
1021 1693 1119 1745 operas
1146 1675 1244 1742 locare,

195 1761 221 1813 id
240 1761 313 1831 quod
332 1765 400 1816 Cato
418 1763 508 1830 laudat
521 1764 548 1815 in
568 1773 642 1834 patre
660 1761 781 1815 familias.
816 1762 919 1814 Plinius
933 1773 1005 1816 certe
1018 1774 1093 1816 nolat
1105 1762 1156 1817 boc
1167 1767 1246 1817 Crass

195 1867 254 1901 sum
274 1850 394 1904 fecisse.“
430 1850 483 1903 Eos
501 1851 636 1922 corrigere
657 1851 765 1903 studens
784 1848 970 1914 Graevius,
991 1849 1114 1920 frugibus
1132 1852 1245 1905 inventis

194 1938 227 1989 ad
248 1937 358 2007 glandes
376 1937 462 2003 rediit,
487 1939 619 1992 scribens:
644 1938 723 2004 „Hoc
747 1937 826 1990 nimis
848 1938 962 2002 γενικῶς.
1008 1936 1165 2009 Cogitabam
1194 1939 1245 1991 ali·

194 2025 303 2096 quando
321 2043 415 2094 operas
435 2027 499 2078 dare
517 2046 588 2091 esse,
609 2027 761 2097 mancipem
779 2044 924 2096 operarum
944 2044 1015 2089 esse,
1034 2025 1122 2098 qualis
1139 2026 1243 2098 Vespa-

194 2113 260 2166 siani
280 2131 392 2185 proavus
410 2111 515 2166 Flavius
533 2114 615 2167 Petro
638 2115 717 2168 fuisse
741 2113 917 2178 credebatur,
944 2113 1052 2185 dequo
1075 2112 1186 2167 Sueton.
1216 2116 1242 2167 in

195 2204 303 2272 Vespas.
323 2202 357 2268 [c.
374 2202 411 2268 1.]
458 2204 599 2252 Iactatum
625 2220 643 2251 a
669 2199 845 2271 quibusdam,
875 2202 1001 2272 Petronis
1023 2212 1129 2269 patrem
1149 2201 1243 2272 fuisse

194 2289 339 2358 risancipem
366 2302 520 2357 operarum,
554 2305 623 2359 quae
648 2305 681 2337 ex
710 2287 820 2340 Umbria
844 2288 873 2339 in
896 2286 1010 2339 Sabinos
1034 2288 1073 2337 od
1102 2288 1240 2339 culturom

192 2395 320 2446 agrorum
339 2376 485 2447 quotannis
507 2394 650 2428 commeare
675 2375 800 2430 solerent.
819 2403 853 2414 -·
904 2379 1006 2444 Operae
1029 2386 1092 2427 sunt
1115 2376 1242 2444 operarii.

192 2464 283 2518 Horat.
304 2462 372 2533 [Sat.
388 2461 421 2530 ll,
439 2468 467 2530 l,
489 2466 567 2532 11⁸2]
586 2465 695 2516 accedes
712 2483 793 2534 opero
811 2483 879 2532 agro
896 2482 968 2516 nona
985 2462 1093 2515 Sabino.
1129 2460 1183 2515 Sed
1203 2475 1243 2517 la·

193 2570 254 2605 men
274 2552 373 2605 rectius
389 2562 456 2622 puto
473 2570 569 2620 operas
587 2552 652 2604 dors
669 2551 714 2606 bic
733 2571 788 2606 esse
808 2551 957 2623 publicanis
980 2550 1092 2616 servire,
1119 2562 1165 2604 ant
1189 2571 1243 2605 esse

190 2641 377 2712 publicanum.
414 2638 471 2693 Cic.
490 2639 539 2711 Ep.
557 2643 599 2695 bl.
623 2639 669 2693 lib.
688 2640 757 2692 xffl.
777 2641 810 2692 ad
830 2640 946 2692 Famm.:
975 2644 1038 2692 Cum
1065 2644 1099 2695 P.
1121 2642 1243 2693 Terentio

194 2730 328 2796 Hispone,
353 2731 400 2798 qui
415 2746 510 2796 operm
534 2728 562 2779 in
586 2728 724 2796 scriptura
744 2746 796 2796 pro
814 2728 945 2797 magistro
964 2728 1027 2783 dat,
1054 2728 1119 2780 milei
1139 2747 1243 2779 summa

189 2815 373 2885 familiaritas
391 2843 427 2854 -
445 2826 501 2866 est:
525 2815 551 2868 b.
570 2835 593 2868 e.
612 2815 659 2885 qui
679 2814 792 2867 sicarius
810 2826 850 2867 est
867 2816 985 2885 magistri
1011 2815 1082 2868 illius
1104 2817 1243 2871 societatis.

193 2901 270 2956 Orat.
288 2902 320 2955 ll.
338 2903 367 2954 in
386 2904 463 2955 Verr.
483 2921 507 2955 c.
525 2907 573 2955 tu:
602 2902 747 2953 Canuleius
774 2920 849 2965 aero,
877 2903 924 2971 qui
951 2903 1078 2970 inportu
1096 2906 1241 2972 &aracusia

193 3009 298 3058 speram
317 2989 416 3053 dolat,
434 2988 459 3041 b.
473 3008 497 3042 e.
515 2989 562 3060 qui
581 3000 637 3042 erat
655 2989 726 3041 inter
744 2989 918 3060 publicanos,
943 2989 990 3061 qui
1007 2988 1150 3059 Syracusis
1177 3008 1242 3060 por·

192 3077 290 3130 torium
311 3077 457 3147 exigebant.
494 3076 542 3130 Sic
558 3089 583 3131 et
601 3077 664 3131 alibi
684 3076 809 3133 Cicero.“
848 3080 917 3130 Vere
931 3087 1024 3130 monet
1040 3075 1143 3130 Gernb.
1156 3077 1243 3131 Grae-

194 3163 225 3215 vii
243 3163 419 3236 explicatione
438 3165 565 3235 explicari
579 3166 667 3235 potius
685 3166 835 3237 sequentia:
852 3163 969 3235 publicis
981 3165 1124 3216 sumendis.
1159 3165 1241 3232 Quod

193 3269 273 3321 supra
292 3251 445 3306 monuimus
463 3271 518 3304 esse
536 3253 678 3304 honestate
697 3271 746 3322 pro
772 3254 881 3304 honeste
908 3251 936 3304 in
957 3251 1023 3306 cod.
1050 3253 1141 3318 Susa,
1170 3254 1240 3306 idem

192 3357 336 3409 operarum
356 3358 448 3393 errore
467 3359 522 3392 esse
540 3340 568 3392 in
590 3339 639 3393 Ed.
666 3340 759 3393 bamb.
778 3343 857 3395 teos.
888 3349 979 3392 monet
997 3339 1048 3393 Or.
1076 3340 1162 3411 (qnod
1192 3361 1241 3395 nos
1350 3370 1359 3387 s

192 3427 272 3480 etiam
289 3426 318 3478 in
337 3438 430 3480 nostro
448 3427 569 3500 exemplo
588 3428 763 3498 reperimus),
789 3428 860 3481 idem
880 3439 918 3481 est
933 3429 962 3480 in
982 3427 1030 3481 Ed.
1051 3428 1146 3481 Goion.
1162 3433 1240 3485 lllb.

193 3532 261 3583 quae
287 3512 356 3582 (sola
381 3515 503 3568 omnium
528 3517 694 3582 nostrarum)
722 3516 771 3570 Ed.
804 3515 926 3569 Lambini
954 3526 1106 3570 contectum
1131 3516 1242 3572 exbibet.

192 3600 222 3653 ln
241 3602 352 3669 eodem,
371 3622 452 3674 quem
473 3603 555 3656 modo
573 3603 693 3669 laudari,
713 3602 780 3656 Cod.
797 3602 904 3656 Suerin.
925 3620 975 3673 pro
995 3603 1082 3672 operis
1101 3613 1140 3679 est
1155 3609 1243 3672 operi·-

192 3688 250 3742 bus.
286 3688 344 3745 Mc.

262 3779 348 3845 operis
369 3779 477 3846 dandis]
513 3778 586 3844 „Alii
604 3789 769 3832 mercaturas
787 3778 904 3841 faciunt,
923 3778 968 3831 slii
987 3797 1097 3848 operam
1116 3778 1181 3833 dant
1202 3783 1241 3834 fa-

192 3864 331 3917 cientibus.
369 3863 422 3917 Sed
441 3864 485 3918 hic
503 3866 537 3918 de
555 3869 645 3937 operis
663 3868 785 3920 universe
804 3866 940 3937 loquitur,
968 3885 1037 3937 quae
1064 3866 1097 3918 ad
1123 3886 1179 3919 rem
1199 3869 1242 3921 la—

191 3950 314 4004 ciendsm
331 3951 534 4022 impenduntur.
579 3954 642 4006 Late
667 3956 739 4008 enim
759 3965 831 4024 patet
850 3952 915 4006 baec
933 3971 979 4005 vor
1006 3953 1082 4006 etad
1102 3952 1242 4023 quodlibet

190 4054 275 4107 genus
293 4040 458 4092 transfertur.
494 4041 562 4093 Vide
581 4040 658 4096 Orat.
678 4060 727 4112 pro
747 4041 878 4094 Muraena
898 4060 956 4112 cap.
973 4044 999 4094 9.
1017 4040 1116 4094 Face.
1148 4038 1238 4100 ..ldens

190 4137 244 4188 est.
263 4126 366 4196 inquit,
387 4127 459 4197 quod
478 4127 599 4183 locandis
616 4149 652 4183 sc.
672 4130 705 4182 ad
725 4127 938 4194 aedificationes,
966 4127 1114 4199 quoderat
1133 4123 1240 4175 redem-

191 4223 280 4264 torum
299 4223 325 4264 et
343 4212 555 4268 conductorum:
590 4218 661 4288 quod
688 4228 744 4269 eral
763 4234 848 4286 genus
866 4216 1043 4287 pecuniarum
1071 4210 1240 4282 quaerenda-
