3059 4925
511 479 553 525 ιιι
581 476 777 525 ιιιιιιοιοιι
803 477 848 538 ιι,
866 470 891 523 ι.
1115 494 1118 498 -
1145 455 1220 530 365

541 638 753 701 EXCURSUS
776 640 846 698 Xll.
1095 697 1097 700 .

398 777 473 851 un
506 775 848 852 ΡΑιιΑιιοΧοιι
865 778 945 871 «ιι
976 777 1014 851 a.

175 991 212 1000 -
237 976 303 1017 non
328 952 620 1031 modofructus
647 952 727 1017 ille
748 964 816 1016 est
838 950 893 1015 ad
914 945 1127 1038 asumptus,
1164 952 1224 1017 secl

453 1054 562 1118 etiam
582 1053 631 1117 od
644 1053 754 1130 fenus
778 1053 940 1141 exiguus.

244 1209 291 1264 Sic
308 1211 394 1278 edidi,
413 1223 443 1265 ut
462 1231 543 1265 nemo
561 1223 622 1266 ante
643 1231 698 1279 me,
728 1232 779 1265 nce
798 1223 886 1265 tamen
905 1215 965 1264 med
984 1210 1152 1278 coniectural,
1178 1213 1222 1266 sed

173 1297 286 1350 lectione
304 1319 334 1352 ex
353 1299 485 1353 librorum
512 1300 636 1353 varietate
665 1299 760 1353 collata
785 1310 810 1353 et
829 1299 904 1371 quasi
922 1299 1085 1370 composita,
1112 1299 1165 1363 ita,
1195 1309 1224 1352 ut

174 1403 261 1456 neque
279 1385 330 1437 vim
349 1386 477 1439 inferrem
496 1386 570 1440 libris
589 1387 731 1451 omnibus,
749 1398 780 1440 ut
798 1387 861 1440 iecit
879 1386 1038 1450 Lambinus,
1057 1385 1103 1457 qui
1122 1385 1224 1456 primus

174 1472 295 1525 omnium
313 1493 400 1526 reram
423 1473 474 1527 loci
494 1474 651 1527 sententiam
671 1473 748 1540 vidit,
781 1493 868 1545 neque
893 1492 937 1525 me
962 1484 989 1526 ει
1011 1471 1125 1526 lectores
1142 1470 1224 1542 erpli-

174 1557 257 1611 candt
277 1560 454 1631 plurimorum
473 1572 499 1615 et
517 1562 677 1633 scriptorum
698 1571 723 1614 et
742 1562 875 1615 editorum
894 1560 1025 1613 librorum
1041 1559 1221 1613 lectionetor·

176 1666 295 1718 querem.
337 1648 391 1701 Sed
417 1660 445 1703 ut
463 1649 513 1721 ipsi
531 1648 649 1703 iudicare
667 1649 768 1720 possint
786 1649 913 1714 lectores,
932 1649 1046 1720 agedum
1064 1648 1098 1701 de
1116 1646 1225 1718 siugulis

179 1737 305 1806 deinceps
329 1736 472 1790 rideamus.

237 1842 306 1905 ‘Non
326 1840 400 1892 modo
418 1841 643 1912 adfractum
660 1841 705 1894 ille
723 1852 765 1895 est
784 1853 960 1912 surreptus:
993 1821 1070 1908 [haec
1089 1853 1127 1895 est
1144 1842 1222 1895 lectio

174 1926 241 1979 Edd.
269 1938 386 1980 veterum
408 1939 433 1982 et
452 1928 553 2001 aliquot
580 1931 778 1995 recentiorum,
803 1929 853 1984 Ed,
872 1949 915 2000 ap.
933 1929 1034 1996 Meus,
1059 1929 1137 1982 lldlb.
1156 1931 1226 1982 Ven.

175 2019 254 2069 1492.
280 2019 358 2071 1514.
386 2017 445 2070 Asc.
465 2020 544 2070 1511.
571 2017 630 2070 Par.
649 2021 729 2071 15117.
748 2021 827 2071 1512.
853 2019 932 2071 1543.
963 2018 1028 2087 Arg.
1052 2016 1137 2086 Lugd.
1165 2015 1225 2068 Atd.

175 2105 255 2157 1548.
275 2101 346 2156 Crat.
371 2102 461 2156 Herw.
486 2101 562 2157 Cam.
585 2105 654 2157 vict.
685 2104 762 2159 Boul.
788 2104 889 2157 Sturm.
915 2104 993 2158 Grut.
1013 2102 1108 2158 Graev.
1137 2103 1223 2158 Gron.

175 2190 284 2245 Schrev.
304 2191 384 2243 Verb.
404 2190 475 2243 Oliv.
494 2190 535 2243 De
554 2189 640 2245 Codd.
659 2192 728 2245 insra
748 2192 907 2259 videbimus]
925 2191 1080 2257 „Sententia
1101 2202 1152 2245 est:
1177 2190 1223 2243 ΙΙΙε

176 2287 301 2347 sumptus
319 2277 470 2332 sexcentum
489 2279 648 2347 sestertiirm,
676 2281 721 2352 qui
746 2280 774 2333 in
795 2281 868 2333 tectis
887 2279 999 2344 auratis,
1024 2278 1085 2331 solis
1104 2297 1224 2331 marmo-

175 2365 227 2418 reis
245 2365 355 2437 aliisque
374 2366 453 2419 rebus
471 2367 627 2431 insumitur,
651 2367 757 2439 exiguus
783 2378 820 2419 est
845 2367 883 2417 ad
905 2368 1005 2417 vietum
1029 2377 1055 2419 et
1078 2366 1224 2435 adsersus,

176 2452 248 2506 unde
267 2452 372 2507 lucrum
398 2453 500 2525 percipi
519 2455 613 2526 possit:
642 2453 659 2508 i.
675 2475 697 2508 ε.
722 2455 787 2508 tanti
815 2454 915 2508 reditus
940 2452 1012 2525 parri
1038 2465 1099 2506 sunt
1124 2452 1224 2507 homini

176 2544 364 2612 sumptuoso.“
399 2542 473 2595 Frc.
491 2541 644 2614 Sylvius.

246 2642 341 2698 Hier.
358 2643 528 2712 Wolfius,
552 2645 612 2717 (qui
640 2646 667 2700 in
685 2646 810 2701 lemmate
835 2647 1015 2700 annotationis
1040 2645 1152 2699 eandem
1178 2646 1226 2700 ha-

177 2733 222 2786 bet
238 2731 379 2785 lectionem
400 2752 480 2805 quam
498 2732 560 2789 Fre.
578 2732 696 2806 Sylvius,
725 2736 753 2788 in
779 2735 906 2789 contextis
932 2734 981 2788 ita:
1009 2755 1061 2786 non
1090 2734 1227 2786 modoad

177 2830 348 2890 sumptum
366 2820 428 2871 itte
443 2821 600 2892 fructus
618 2833 673 2874 est
692 2823 756 2891 etc.)
781 2821 860 2875 haee:
891 2822 1030 2889 „Quidam
1050 2823 1089 2874 vir
1107 2842 1162 2874 non
1182 2822 1225 2874 in-

177 2907 271 2960 doctus
288 2906 325 2960 sic
342 2905 453 2977 explicat
470 2907 543 2962 hunc
561 2909 666 2962 locum:
686 2948 703 2976 „
711 2908 860 2981 „Sumptus
879 2910 1008 2980 pecuniae
1026 2909 1065 2961 his
1083 2910 1161 2962 rebus
1173 2910 1224 2961 isn-

177 3012 289 3065 pensae,
309 3013 363 3046 non
382 2981 486 3047 tantum
505 2996 592 3049 reddit
609 2996 735 3061 domino,
762 3006 894 3068 quantum
918 2996 1039 3050 redderet
1051 2996 1185 3070 pecunia,
1205 2997 1224 3048 si

178 3082 263 3134 fenori
283 3081 465 3139 oblocaretur:
493 3093 595 3137 tantum
623 3084 709 3151 abest,
739 3094 769 3137 ut
796 3082 929 3150 fructum,
959 3083 1044 3155 qualis
1068 3103 1097 3135 ει
1117 3082 1226 3154 praedio

178 3169 278 3239 percipi
298 3169 377 3232 solet,
396 3170 539 3223 reddat.““
589 3170 722 3224 Hactenus
745 3170 798 3223 ille.
845 3170 898 3224 Sed
924 3190 973 3242 ego
988 3172 1060 3225 vhano
1088 3190 1141 3224 esse
1161 3179 1226 3240 pulo

106 3281 109 3288 Α
179 3255 315 3309 Ciceronis
333 3259 503 3311 senteutiam:
534 3259 633 3313 reditus
651 3258 710 3312 illos
730 3258 798 3311 adeo
825 3278 880 3311 non
899 3259 1022 3312 sufficere
1046 3257 1079 3311 ad
1099 3256 1225 3312 tuendam

179 3362 236 3396 rem
255 3343 411 3397 familiarem
430 3357 456 3398 ει
474 3355 596 3418 sumptus
614 3347 776 3400 necessarios
794 3346 959 3414 tolerandos,
987 3358 1016 3399 ut
1034 3365 1068 3398 ue
1085 3344 1228 3398 arlusuras

179 3429 287 3501 quidem
307 3431 484 3486 dissolvendas
503 3435 536 3487 sit
554 3435 622 3488 satis.
669 3434 798 3506 Exemplo
817 3435 849 3488 sit
865 3433 899 3486 Τ.
915 3432 1020 3486 Annius
1038 3432 1119 3498 Milo,
1149 3431 1228 3485 Cice·

180 3518 254 3572 tonis
271 3519 368 3585 cliens,
388 3521 433 3591 qui
452 3532 561 3575 auctore
578 3521 667 3574 Plinio
687 3520 730 3590 [ll.
749 3522 782 3575 Ν.
800 3521 919 3588 xxxvl,
937 3524 990 3585 15,
1009 3519 1079 3573 Sect.
1098 3520 1226 3586 xxtv‚a.

179 3627 206 3678 p.
223 3610 285 3661 142.
305 3608 346 3665 ed.
365 3607 474 3677 ilard.],
505 3619 608 3661 tantum
634 3608 701 3661 aeris
726 3608 805 3661 alieni
834 3609 962 3663 contraxit
988 3606 1183 3678 magnificentia
1202 3618 1228 3659 et

178 3694 239 3748 luxu
259 3715 323 3763 suo,
342 3707 371 3750 ut
389 3714 518 3749 uumerus
537 3697 594 3749 eius
610 3696 671 3748 iniri
691 3713 745 3748 non
765 3706 859 3766 posset.
905 3697 985 3762 [Eum
1010 3712 1058 3764 ego
1075 3695 1147 3744 inter
1164 3710 1229 3762 pru·

178 3783 252 3854 eligia
271 3783 383 3835 humani
399 3786 482 3836 animi
501 3784 584 3850 duco,
602 3785 694 3838 scribit
711 3784 858 3852 Plinius].‘⁴

248 3887 291 3939 lo.
310 3887 505 3942 Morisotus
524 3888 613 3958 (culus
630 3886 680 3941 Ed.
701 3888 799 3960 prodiit
817 3908 839 3940 a.
862 3887 954 3953 1541.)
980 3883 1031 3937 hoo
1056 3884 1152 3936 lemma
1177 3901 1226 3935 an·

179 3975 308 4028 notationi
327 3995 390 4028 suae
409 3976 575 4047 praeposuit:
603 3976 834 4045 adsumptum
853 3974 898 4025 r'lIs
916 3983 957 4024 est
969 3972 1136 4044 fructus,
1162 3969 1225 4022 scri·

178 4064 297 4134 psitque:
315 4063 394 4128 „Non
415 4081 522 4134 possum
541 4081 597 4115 non
612 4063 712 4130 mirari,
731 4062 821 4116 locum
842 4061 914 4114 hunc
931 4059 1058 4113 hactenus
1076 4067 1128 4110 tam
1148 4054 1227 4106 fuisse

177 4167 338 4218 perversum.
375 4150 404 4202 ln
425 4149 549 4203 omnibus
567 4150 638 4203 enirn
658 4160 750 4204 erstatz
778 4168 830 4202 non
848 4149 923 4200 modo
941 4146 1162 4216 adstrictum
1180 4143 1226 4193 itte

177 4244 218 4286 est
236 4245 412 4306 suseptae,
430 4237 575 4287 sedetiam
593 4248 642 4290 etc.
693 4238 728 4290 Ar
747 4235 844 4290 Cicero
870 4255 924 4289 non
943 4232 1064 4301 intelligit
1089 4242 1224 4302 sumptum
