3059 4925
284 449 360 524 328
677 451 857 522 'nncuesus
886 474 921 520 ιι.

283 653 375 706 saepe,
403 644 459 687 tum
480 651 542 687 vero
560 625 688 696 maxime,
711 630 822 703 quando
844 649 986 701 personam
1003 631 1187 687 iureconsulti
1210 634 1330 689 sustines.

283 722 363 776 Unde
378 720 461 788 iliud,
481 737 597 793 quaeso,
615 720 643 772 in
660 719 774 791 Topicis
792 719 956 790 exemplum:
977 720 1093 783 Mulier,
1112 721 1156 771 cui
1173 722 1216 773 vir
1234 720 1333 773 dono-

279 829 353 864 rum
369 808 560 878 possessiouem
579 806 692 878 legavit,
710 807 779 862 etc-i
798 806 938 877 Usnrpant
955 805 1007 861 hoc
1025 824 1124 861 nomen
1142 826 1234 861 sacres
1252 808 1330 861 etiem

282 898 393 953 litterae.
439 894 485 949 Sic
508 893 580 947 enim
605 894 677 948 dives
703 895 775 966 apud
795 895 895 948 Lucam
914 898 959 961 12,
978 897 1022 947 19.
1052 894 1127 948 dicit:
1152 892 1243 963 ψυχή,
1266 895 1331 959 ipsse

281 981 370 1038 atellei
387 976 502 1047 ἁγαθαὶ
521 987 621 1043 κείμενα
639 985 675 1041 εἰς
693 984 739 1054 ier]
756 979 849 1036 nolli.
867 981 917 1035 nisi
940 1000 991 1057 pro
1008 980 1108 1034 decoro
1132 1001 1261 1052 personae
1279 981 1332 1034 hoc

282 1075 383 1128 dictum
402 1068 548 1139 putareris:
566 1068 614 1123 Est
630 1080 721 1125 umen
740 1089 833 1124 rursus
851 1069 925 1141 apud
943 1068 1168 1134 suademini:
1187 1069 1331 1138 μνήσθητι,

282 1179 323 1213 οτι
339 1155 465 1221 ἀπέλαβες
483 1154 518 1207 rei
536 1152 654 1221 α’γαθιὶ
669 1175 724 1213 σου.
761 1156 816 1210 Sed
835 1156 901 1228 quid
918 1156 1020 1210 misceo
1032 1174 1106 1210 sacra
1126 1156 1263 1227 profanis?
1281 1155 1332 1210 At-

282 1247 377 1301 cinons
393 1253 518 1308 testatur,
542 1242 630 1313 ipsum
651 1243 793 1299 Platonem
818 1242 885 1297 haec
908 1242 977 1295 bona
995 1243 1162 1310 nominasse,
1190 1243 1236 1296 sed
1260 1241 1329 1294 lona

282 1331 418 1386 muana.
453 1328 566 1384 invaluit
582 1330 671 1402 itaque
690 1332 719 1385 in
744 1333 825 1385 rebus
842 1330 999 1385 mortalibus
1022 1330 1264 1402 Peripateticorum
1285 1328 1331 1381 Ιο-

282 1417 382 1490 quendi
399 1415 483 1482 ratio,
502 1435 530 1470 es
549 1415 620 1488 vulgi
641 1418 771 1472 nimirum
789 1436 894 1471 errore:
919 1436 1001 1488 quem
1019 1428 1161 1489 postquam
1179 1417 1259 1472 semel
1277 1419 1330 1471 nb·

281 1505 372 1571 tinuit,
401 1502 551 1575 philosophi
570 1503 696 1576 deinceps
720 1504 865 1557 emendare
889 1504 1070 1576 nequicquam
1095 1505 1206 1559 fuerunt
1230 1504 1329 1569 conati,

281 1605 320 1647 tot
338 1593 457 1649 videlicet
487 1592 661 1663 opinionibus
687 1593 758 1646 inter
786 1611 814 1645 se
838 1591 1020 1647 dissentientes
1043 1611 1095 1647 nec
1120 1592 1170 1645 sibi
1194 1591 1257 1662 ipsis
1282 1609 1331 1661 per

280 1680 370 1734 omnia
390 1690 547 1734 constantes.
584 1678 716 1751 Suggillat
733 1691 823 1735 autem
843 1691 1000 1751 personatus
1015 1679 1119 1734 Stoicus
1137 1678 1330 1750 Peripatetico·

279 1785 340 1819 rum
358 1766 528 1833 divisionem,
554 1767 600 1839 qui
627 1765 696 1818 bona
720 1766 748 1823 in
767 1766 818 1820 tria
842 1785 942 1838 genera
964 1768 1098 1834 dividunt,
1125 1778 1155 1821 ut
1183 1766 1233 1821 alia
1260 1765 1329 1819 boun

279 1853 331 1907 sint
348 1854 445 1918 ααίαιί,
463 1854 514 1907 alia
532 1854 662 1922 eorporis,
679 1852 731 1907 alia
745 1855 898 1925 fortunae,
926 1855 1106 1928 quae'divisio
1125 1854 1196 1927 apud
1216 1854 1327 1925 Peripa·

279 1939 419 1994 tetieorum
439 1941 588 2014 principem
606 1951 687 1995 exstat
703 1940 774 1995 libro
793 1942 950 1996 Ethicomm
968 1944 1073 2015 primos

516 2064 624 2125 ἐκτός,
643 2061 695 2115 οἷον
713 2065 736 2115 αἱ
755 2066 839 2131 φίλοι,
859 2071 902 2118 καί
920 2059 938 2135 ἡ
955 2068 1003 2136 τῆς
1022 2068 1149 2136 πατρίδος
1167 2064 1325 2127 εὐδαιμονία,

280 2126 396 2193 ἀγαθά
413 2134 491 2202 τριχῆ
517 2139 561 2185 καί
579 2130 593 2186 i
611 2134 731 2193 uleirbc.

279 2205 439 2269 mmm,
450 2205 491 2255 λε·
602 2201 728 2293 ψυχῇε,
745 2202 782 2258 ταὶ
799 2209 844 2268 μὲν
863 2207 1012 2277 κυριότατα
1030 2213 1074 2259 καί
1091 2203 1207 2268 μάλιστα
1224 2201 1328 2271 urredi,

281 2270 375 2334 γόμενα
394 2274 424 2325 di
450 2269 492 2326 rei
519 2314 578 2361 ml
603 2270 690 2363 eiorlry
707 2279 754 2339 uie
771 2279 989 2363 deseruerim,
1008 2275 1087 2347 καὶὴ

604 2365 785 2431 operuere,
809 2353 854 2436 pul
873 2370 888 2417 η
907 2347 1064 2420 α’νδρεία,
1089 2354 1132 2401 καί
1157 2343 1174 2417 ἡ
1202 2365 1326 2416 σωφρο-

604 2435 699 2488 ouen,
718 2423 763 2471 καὶ
780 2438 814 2470 τα
832 2421 951 2472 τοιαῦτα.

604 2491 710 2555 σῶμα,
739 2486 791 2541 οἷον
813 2489 845 2541 ud
870 2488 977 2552 suillos,
1005 2496 1048 2542 καὶ
1072 2485 1090 2558 ἤ
1117 2486 1213 2553 risile,
1239 2493 1283 2539 nul
1309 2484 1326 2556 'i

603 2555 690 2626 ὑγεία,
709 2566 754 2613 καὶ
771 2558 789 2629 ἤ
806 2562 889 2627 ἰσχύς.

349 2675 381 2728 Et
400 2676 562 2730 Aristoteles
586 2680 694 2750 quidem
713 2681 784 2735 hanc
809 2682 938 2736 diaeresin
960 2683 992 2735 ad
1011 2682 1150 2736 Platonem
1177 2693 1325 2748 auctorem,

279 2761 298 2813 si
316 2761 420 2816 Lae'rtio
440 2763 586 2833 credimus,
606 2768 696 2821 refert.
731 2768 791 2822 Atia
810 2770 946 2823 bonorum
965 2769 1056 2823 divisio
1075 2782 1113 2824 est
1131 2771 1202 2842 apud
1213 2770 1326 2824 Stoicos.

279 2849 432 2920 Appingam
451 2861 477 2904 et
500 2851 584 2923 ipsam
603 2873 632 2907 ex
658 2855 776 2910 melioris
794 2869 873 2912 notae
892 2857 1060 2922 auctoribus,
1087 2856 1219 2912 Cicerone
1244 2858 1325 2911 nimi-

280 2953 354 3000 rum,
383 2935 416 2990 Α.
436 2935 523 2991 Gellio
542 2951 568 2994 et
586 2939 709 3014 Diogene
727 2944 846 2998 La'e‘rtio:
876 2945 980 2999 missam
1009 2947 1108 3000 interea
1137 2946 1238 3000 faciens
1255 2966 1323 3012 earn,

279 3042 347 3093 quae
365 3023 494 3084 astoicis
512 3046 540 3078 er
559 3026 698 3084 Diametro
722 3031 906 3103 Peripateticis
933 3034 1099 3106 opponitur,
1125 3053 1178 3106 qua
1203 3033 1324 3087 dividunt

278 3106 312 3158 Τίῖ
331 3105 422 3174 ἅναθᾶ
440 3115 475 3170 εἷς
492 3107 527 3164 wi
545 3111 613 3167 nurci
631 3115 730 3187 ψυχήν,
751 3126 794 3171 καὶ
812 3125 847 3180 εἰς
865 3115 899 3172 eci
917 3117 1003 3187 ieris,
1023 3125 1066 3172 καί
1084 3123 1120 3180 εἷς
1137 3118 1171 3172 rei
1189 3118 1247 3173 αι’ἷτε
1265 3126 1325 3189 περὶ

278 3195 376 3266 rupis,
395 3195 454 3252 οὔτε
471 3200 557 3260 rarle:
583 3202 628 3256 sed
655 3206 864 3275 generaliorem,
893 3228 945 3280 qua
975 3228 1016 3262 res
1038 3208 1175 3261 universae
1200 3211 1227 3261 in
1247 3208 1323 3273 boran,
1410 3235 1414 3240 -

180 3303 182 3307 ·
278 3286 350 3336 rnnlu
369 3297 395 3339 et
412 3287 596 3356 indifferentia
615 3291 782 3349 dividuntur:
