3059 4925
288 451 363 525 276
533 440 541 451 ¹
618 472 792 521 rtaeooxe
820 475 1013 525 srorcoaun.

250 660 253 664 ·
290 636 369 691 satori
387 634 452 687 iuris
471 634 571 705 perito,
601 644 692 705 estque
721 633 924 703 intelligendum
943 633 977 685 de
1005 636 1191 700 concussione,
1218 648 1344 708 quaeest

289 724 407 787 crimen,
427 741 482 794 quo
501 721 560 794 quis
578 722 691 774 alterum
710 721 802 775 illicite
821 732 903 774 terret
920 721 1075 775 intentanda
1094 724 1266 778 accusatione
1283 743 1347 796 gra·

289 812 368 865 vioris
386 811 521 875 criminis,
542 809 581 862 vei
598 808 750 862 simulando
769 807 837 861 iussa
856 820 902 862 aut
923 809 1009 862 minas
1027 810 1247 881 magistratuum,
1265 822 1295 864 ut
1312 813 1347 864 ab

291 919 323 953 eo
341 899 483 971 pecuniam
503 909 658 969 extorqueat
676 896 789 969 periculi
815 897 912 951 vitandi
935 917 1022 951 eausa.
1067 898 1128 952 Vid.
1147 898 1179 950 B.
1196 898 1347 953 Brissoaius

292 988 324 1041 de
344 987 426 1040 Verb.
445 985 541 1056 Signis.
560 986 597 1037 vi.
616 986 753 1039 concussio
772 996 798 1038 et
816 996 956 1037 concutere
963 1005 973 1045 5
993 985 1026 1038 Η.
1045 984 1077 1036 Ε.
1096 984 1250 1039 Dirtsen
1269 985 1344 1039 Mau.

291 1077 349 1130 Lat.
366 1074 445 1127 Fout.
469 1076 523 1126 lur.
544 1071 600 1126 Cir.
617 1072 695 1126 Rom.
720 1093 742 1124 v.
762 1074 901 1126 concussio
920 1093 946 1144 p.
965 1077 1035 1136 1813
1065 1084 1091 1127 et
1117 1073 1211 1127 iisdem
1234 1074 1342 1128 vocibus

292 1164 351 1218 Lex.
367 1162 451 1237 iurid.
472 1181 501 1214 er
520 1159 638 1215 Brisson.
657 1159 826 1227 Hotomeno,
846 1161 967 1227 Prateio,
987 1159 1097 1215 Cuiacio
1116 1180 1142 1232 p.
1161 1163 1223 1214 295.
1259 1160 1318 1212 ΜΓ.

362 1249 522 1313 Ραείεεενὶε,
540 1248 648 1318 aufers,'
663 1248 745 1315 eripis
753 1249 775 1314 ι]
811 1250 995 1313 ,‚Pocisceris.·
1014 1249 1110 1303 iniuste
1129 1246 1258 1303 scilicet.“
1275 1248 1345 1302 Frc.

293 1338 382 1410 Sylr.
426 1335 500 1389 Idem
526 1336 610 1388 socios
628 1334 772 1406 dupliciter
791 1334 917 1406 explicat,
945 1348 974 1389 ut
1000 1337 1033 1389 sit
1059 1337 1119 1403 „vel
1143 1337 1229 1390 socios
1251 1334 1343 1406 populi

292 1425 422 1490 Romani,
441 1423 480 1477 rel
501 1440 559 1489 eos,
580 1424 739 1494 quibuscum
758 1425 912 1477 societatem
930 1424 1034 1478 coisti.“
1070 1424 1198 1478 Similiter
1214 1424 1343 1492 Wytteu·

294 1512 416 1566 bachius:
435 1511 526 1578 „Socii
543 1510 670 1565 dicuntur
687 1509 788 1581 duplici
806 1531 898 1576 sensu,
926 1512 1043 1583 primum
1067 1513 1095 1566 in
1113 1512 1236 1566 societate
1258 1528 1342 1579 aego-

293 1601 406 1653 tiorum:
427 1617 482 1669 quo
501 1598 534 1650 de
550 1597 651 1651 fraudis
669 1618 769 1670 genere
789 1611 826 1652 est
845 1601 872 1653 in
889 1600 939 1656 Or.
954 1599 1010 1654 Cic
1028 1620 1078 1671 pro
1092 1599 1222 1668 Quinctio
1232 1609 1259 1652 et
1271 1598 1343 1651 Pau-

292 1687 361 1740 dect.
379 1686 408 1738 L.
428 1685 460 1737 ll.
478 1685 531 1738 Tit.
551 1689 593 1739 17.
631 1686 682 1738 Alii
703 1697 764 1741 suut
782 1687 847 1741 socii
866 1688 959 1759 populi
979 1688 1108 1752 Romani,
1136 1697 1200 1740 cum
1227 1705 1260 1738 eo
1284 1684 1342 1736 foe-

293 1776 355 1828 dere
374 1774 465 1827 iuacti.
513 1772 573 1824 Vid.
593 1773 684 1826 similis
709 1775 790 1829 dictio
816 1778 887 1847 apud
917 1778 975 1830 Cic.
1006 1796 1056 1848 pro
1072 1775 1143 1845 Lege
1161 1772 1236 1827 Meu.
1256 1793 1280 1827 c.
1299 1776 1341 1828 tt.

294 1863 328 1930 [5.
345 1862 402 1927 57.]
422 1861 460 1910 ad
476 1861 633 1929 expilandos
651 1863 734 1915 socios
750 1863 967 1935 diripiendasque
989 1864 1153 1933 provincias.
1198 1860 1278 1916 Coaf.
1297 1861 1341 1915 Ee.

293 1949 437 2020 spanhem.
459 1949 493 2000 de
510 1947 587 2001 Orbe
605 1948 691 2001 Rom:
704 1969 728 2020 p.
747 1954 791 2003 83.
834 1951 991 2005 Provinciae
1021 1961 1110 2003 autem
1135 1968 1281 2021 earumque
1298 1949 1342 2002 in·

292 2037 367 2093 colae
385 2037 449 2090 socii
467 2056 482 2088 a
500 2036 620 2087 romanis
638 2036 835 2105 magistratibus
852 2054 930 2109 saepe
949 2038 1110 2091 vexabantur
1128 2057 1161 2090 ac
1178 2035 1342 2107 diripieban-

293 2128 364 2178 tur.“
401 2124 442 2176 Ad
461 2122 606 2176 sententiae
624 2122 824 2176 similitudinem
850 2137 990 2197 comparat
1007 2124 1089 2196 Borg.
1109 2125 1164 2178 cic
1181 2124 1210 2176 in
1230 2124 1307 2175 Verr.
1321 2120 1342 2186 l,

293 2215 340 2264 22:
366 2211 430 2263 Vidi
447 2210 575 2261 collucere
595 2211 682 2262 onznia
696 2211 836 2280 -spoliis
853 2214 984 2266 sociorum
1002 2223 1085 2285 atque
1103 2215 1256 2265 amicorum.
1299 2209 1340 2263 td

293 2299 448 2352 senteutiam
477 2299 618 2377 verborum
645 2300 761 2367 spoliare
785 2309 811 2352 et
835 2300 955 2369 expilare
983 2319 1132 2371 eorumque
1160 2297 1340 2351 differentiam

293 2386 365 2439 conl.
384 2385 556 2439 Doederlein.
575 2385 631 2439 Lat.
651 2384 752 2456 Synon.
775 2405 801 2438 u.
822 2385 937 2458 Etymol.
958 2389 1048 2459 1V.·p.
1060 2391 1113 2442 340
1130 2408 1169 2459 sq.
1206 2387 1260 2439 Pro
1278 2404 1342 2455 spo-

292 2477 345 2528 lias
363 2474 414 2532 Os.
434 2474 614 2544 [exspolias.
649 2475 703 2528 Pro
724 2475 860 2527 aerarium
879 2488 917 2530 est
934 2479 1066 2529 errorium
1084 2477 1112 2529 ia
1131 2474 1199 2528 Cod.
1219 2474 1300 2527 Drsd.
1315 2476 1342 2525 1.

293 2561 517 2615 Coniunctioaem
537 2564 561 2613 si
579 2574 640 2614 ante
658 2565 742 2614 socios
760 2562 973 2619 omittuandd.
993 2584 1049 2635 pre.
1066 2564 1136 2618 Vict
1154 2563 1223 2616 Rob.
1250 2560 1342 2632 steph.

292 2648 467 2701 Gernhurdus
485 2666 545 2700 cum
565 2649 593 2699 iu
612 2648 680 2700 cod.
701 2649 796 2701 Duisb.
813 2650 952 2718 reperisset
968 2653 998 2703 si
1016 2654 1150 2702 aerarium
1167 2649 1286 2716 expilas,
1313 2650 1342 2699 iu

293 2735 362 2790 Ado.
381 2734 489 2786 illudusi
506 2734 699 2787 restituendum
717 2755 744 2787 se
762 2746 857 2805 putare
875 2736 947 2790 dixit.
993 2736 1053 2806 Ego
1073 2754 1136 2789 cum
1154 2733 1244 2787 nuilus
1261 2734 1343 2803 plane

293 2822 361 2876 liber
377 2822 498 2893 (praeter
515 2820 590 2890 Bas.)
609 2822 744 2888 assentiat,
762 2842 796 2874 eo
814 2843 869 2876 non
889 2842 968 2895 segre
986 2841 1074 2877 careo.
1110 2821 1169 2874 Mr.

363 2910 499 2961 cerarium
516 2909 632 2980 expilas]
661 2912 719 2976 ,,Μ.
729 2908 854 2963 Crassum
874 2932 922 2964 suo
942 2924 968 2965 et
985 2910 1107 2982 Pompeii
1127 2908 1266 2964 consulatu
1286 2919 1341 2961 ter-

293 2999 330 3051 tio
349 2997 464 3067 rapuisse
484 2998 537 3050 duo
557 2996 639 3050 mittis
657 2997 748 3068 pondo
768 3000 826 3050 auri
844 3019 864 3052 e·
878 2998 1021 3070 Capitolini
1050 3000 1116 3051 ioris
1142 2998 1222 3063 sotio,
1254 2989 1343 3050 ecn-

292 3085 366 3138 mitto
385 3084 422 3137 ibi
442 3085 565 3152 condita,
590 3084 692 3138 Plinius
711 3097 806 3139 auctor
826 3098 865 3141 est
882 3089 948 3159 Cap.
968 3091 994 3142 1.
1009 3087 1068 3142 Lib.
1086 3089 1130 3140 33.
1175 3084 1213 3138 Ut
1241 3103 1275 3136 ne
1294 3102 1342 3135 se·

292 3173 363 3225 rario
383 3171 491 3242 quidem
510 3171 664 3226 abstinuisse
685 3175 794 3240 credas,
813 3176 858 3247 qui
878 3175 922 3229 tali
940 3174 1080 3246 sacrilegio
1097 3194 1125 3227 se
1146 3171 1342 3226 obstrinxerit.“

293 3262 365 3313 Fre.
384 3258 472 3330 Sylv.
510 3259 615 3327 [Monet
634 3259 736 3318 Geruli.
762 3263 814 3317 hoc
832 3265 888 3316 eius
905 3262 1023 3317 secundo
1040 3262 1140 3316 fuctum
1166 3279 1221 3313 esse
1239 3277 1338 3313 coasu-

294 3348 356 3411 latu‚
375 3345 441 3400 a.U.
460 3349 521 3400 698.
539 3358 568 3399 ut
584 3350 688 3419 scripsit
706 3352 820 3403 Weteel.
837 3352 870 3403 ed
889 3351 959 3405 Fast.
970 3349 1095 3421 Capitol]
1114 3347 1173 3402 Mr.
1208 3345 1340 3415 „Expilas

292 3433 440 3488 secundum
465 3433 640 3505 Etymologos
671 3446 709 3488 est
734 3437 801 3507 pilos
824 3439 847 3490 ei
871 3439 975 3503 solers,
1006 3437 1078 3490 unde
1103 3435 1220 3504 depilore
1243 3430 1341 3484 dicitur

294 3520 413 3574 evellere·
448 3521 501 3573 Per
518 3520 702 3593 metaphoram
721 3525 880 3578 transfertur
897 3526 930 3578 ad
943 3527 1024 3590 bona,
1045 3523 1248 3597 possessionem:
1266 3518 1340 3572 unde

294 3617 332 3660 est
349 3608 490 3677 compilare
509 3607 609 3681 aliquid
636 3620 715 3682 atque
739 3614 859 3682 expilare
884 3612 1001 3684 aliquem
1025 3614 1042 3667 i.
1066 3632 1093 3683 q.
1110 3610 1206 3664 dicitur
1221 3608 1340 3678 peculor,

294 3692 365 3745 unde
380 3694 524 3763 peculatus
543 3707 570 3750 et
587 3697 766 3767 depeculari.“
802 3702 978 3772 Wyttenh.

362 3783 385 3832 si
403 3792 566 3835 testamenta
585 3786 728 3839 amicorum
747 3798 899 3856 exspectas,
923 3799 975 3840 out
999 3806 1031 3839 ne
1048 3796 1188 3856 exspectas
1212 3784 1337 3855 quidem‚]

294 3870 484 3930 „Testamenta
502 3882 657 3941 exspectas.-
684 3873 814 3927 Fortassie
831 3877 948 3944 expectr's
966 3875 983 3928 i.
997 3894 1020 3927 e.
1041 3886 1097 3928 astu
1115 3871 1232 3944 quodam
1251 3879 1340 3922 extor-

294 3974 372 4027 ques,
398 3965 428 4007 ut
452 3974 514 4009 cum
537 3958 650 4013 dicimus
674 3963 788 4014 anulum
812 3972 948 4032 expectere
967 3963 999 4013 de
1016 3962 1115 4033 digito,
1142 3958 1246 4028 eritque
1272 3973 1341 4008 coa-

291 4041 414 4111 temptim
432 4053 458 4094 et
475 4042 601 4099 invidiose
616 4047 726 4103 dictum.
773 4049 840 4102 Nara
862 4051 883 4102 si
902 4059 1041 4118 exspectas
1062 4046 1188 4119 legimus,
1208 4042 1272 4115 quid
1289 4043 1339 4096 eibi

292 4129 382 4181 solunt
401 4130 448 4183 ista
468 4130 560 4183 verbe:
578 4143 608 4183 or
627 4134 684 4200 ipse
702 4137 830 4204 supponis
847 4135 903 4186 -?
933 4156 967 4188 sn
986 4139 1007 4190 ei
1031 4153 1184 4207 supponere
1207 4131 1282 4196 velit,
1307 4148 1340 4181 eo

291 4216 379 4269 rninus
396 4218 446 4271 erit
465 4235 537 4271 mors
554 4220 746 4290 exspectanda?
765 4223 845 4294 quod¹
857 4243 919 4277 vero
934 4222 1018 4280 scelus
1031 4235 1078 4289 est,
1099 4231 1248 4292 exspectare
1260 4228 1339 4272 testa·
