3059 4925
574 466 611 512 tt.
653 465 838 517 ttotttottns.
1184 470 1228 515 XV

177 632 215 680 D.
227 630 335 682 XV0-
355 626 407 679 llas
425 636 478 680 tres
496 624 563 679 Edrl
581 645 633 697 epo
651 628 707 698 ipse
726 626 841 692 contuli,
861 645 922 681 curu
942 626 1076 697 plerisque
1094 628 1227 693 omnihus,

177 733 247 786 quae
264 724 421 786 sequuntur.
457 714 530 767 ttaee
548 725 637 767 autem
656 713 745 768 Editio
765 713 860 768 collata
881 725 952 767 esta
972 729 1014 766 me
1032 713 1230 784 Heidelbergae.

246 807 273 856 t.
309 806 351 855 Μ.
372 805 403 855 Τ.
424 801 554 853 Ciceronis
570 801 719 852 Pamdoxa
740 803 799 853 VJ..
816 801 854 852 ad
871 805 913 853 M.
930 804 1050 856 Brutum
1075 820 1136 854 eum
1159 804 1229 854 Hie-

176 889 280 957 ronymi
306 888 406 957 Wotfit
433 886 602 958 Octingmia
628 886 860 941 onmtntlsnidua.
910 888 1038 942 Basileus
1072 890 1133 956 (ott.
1161 889 1229 944 lier-

177 992 246 1045 wag.
264 994 313 1046 per
330 973 393 1027 Eue
412 973 614 1045 Episcopiumr)
640 972 679 1026 M.
698 973 735 1029 D.
754 973 880 1028 thX.f.
901 993 937 1027 ιιι.
980 974 1069 1046 Scope
1096 976 1229 1042 lectiones,

180 1082 250 1133 quae
267 1072 329 1116 sunt
346 1062 374 1116 in
393 1049 517 1115 lemmate
544 1060 763 1128 annotationum,
791 1081 846 1115 non
866 1061 1029 1116 conveniunt
1054 1081 1116 1117 cum
1144 1065 1230 1118 verbis

176 1152 205 1203 iu
223 1160 346 1204 contextu
364 1149 486 1220 receptis.
522 1148 611 1202 Editio
631 1148 741 1201 minime
760 1159 799 1202 est
816 1149 1021 1203 contemnenda.

248 1239 273 1291 5.
309 1240 349 1292 M.
373 1236 457 1288 Tullii
475 1226 606 1289 &octonis
624 1234 772 1287 Paradoxo
790 1235 828 1285 cd
844 1239 885 1290 M.
904 1241 1032 1289 Brutum.
1067 1240 1123 1290 Mit
1141 1241 1229 1293 histo-

176 1323 281 1378 rischen
298 1324 357 1376 und
371 1323 604 1393 ptttoeopttsctm
622 1323 815 1394 Binleitungsn
832 1323 891 1375 und
901 1322 1094 1378 aldutsmdm
1109 1328 1227 1382 Anoter-

177 1411 282 1480 lcenpm
299 1410 355 1480 fiir
373 1439 407 1451 -
426 1411 589 1480 (tymssstsn
614 1409 703 1465 beorh.
732 1431 757 1466 ν.
779 1410 807 1463 .l.
825 1410 862 1463 [l.
890 1410 1078 1483 Biichliug.
1105 1412 1174 1466 Berl.
1202 1435 1230 1469 u.

177 1496 332 1564 Stralsund,
350 1500 430 1554 liii.
447 1501 472 1551 8.
513 1498 556 1552 Ad
584 1497 704 1554 critiam
728 1506 755 1550 et
780 1498 983 1568 grammaticam
1002 1500 1135 1558 rationem
1153 1501 1228 1556 nihili

176 1585 233 1640 lere
250 1584 426 1640 aestimanda:
452 1586 486 1638 ad
511 1586 758 1656 interpretationem
785 1584 872 1652 utilis,
897 1585 943 1639 sed
968 1586 1096 1657 pleraque
1120 1587 1228 1644 aliunde

175 1682 238 1724 suut
254 1682 392 1743 excerpta,
410 1684 436 1726 et
454 1671 535 1724 nimis
553 1671 662 1743 quidem
680 1672 799 1726 verbose.

247 1763 274 1816 li.
310 1763 351 1812 M.
373 1759 457 1814 ll'ttllt't‘
476 1758 608 1812 Cicerosts
625 1757 775 1812 Pandora
801 1758 839 1809 ad
855 1762 897 1811 M.
914 1762 1041 1812 Brutum.
1084 1762 1226 1814 Recensuit

175 1857 202 1898 et
220 1844 494 1900 nnimdseret'onilms
512 1843 645 1900 instruxit
662 1844 694 1900 ll.
713 1846 738 1899 Ι.Ι
752 1845 932 1916 Borgers,
951 1844 1018 1900 Phil.
1037 1844 1136 1901 Theor.
1154 1847 1227 1919 Mag.

174 1944 201 1986 et
221 1932 281 1988 Litt.
291 1933 372 1988 llum.
382 1933 495 1990 Ductor.
507 1961 541 1971 -
560 1932 646 2002 bugd.
658 1932 747 1987 Batav.
767 1944 794 1987 ct
811 1933 1068 2003 Noviomagi.1826.
1088 1954 1133 2005 pp.
1141 1938 1184 1992 19.
1199 1940 1225 1990 8.

175 2019 222 2074 Est
240 2020 305 2074 haec
321 2019 403 2075 editio
421 2038 470 2076 sua
493 2013 573 2076 latide
592 2041 647 2076 nou
675 2021 841 2088 fraudanda,
870 2040 1035 2093 quamquam
1054 2032 1132 2089 sunt,
1159 2043 1227 2094 quae

177 2124 261 2177 quum
280 2106 313 2159 ad
332 2108 481 2162 orationem
499 2118 527 2161 et
544 2108 579 2162 sd
597 2107 753 2175 lectionem,
779 2120 836 2163 tum
856 2109 889 2162 ad
915 2128 1006 2165 rerum
1026 2109 1228 2181 explicationem

177 2194 348 2252 desideranda
368 2195 515 2250 videantur.
561 2194 653 2262 Quam
679 2213 728 2250 nos
747 2197 873 2267 proprie,
900 2216 929 2248 ex
948 2196 1079 2272 hodierno
1097 2196 1225 2269 loquendi

176 2300 241 2347 usu,
257 2282 370 2338 dicimus
391 2282 573 2338 recensionem
593 2293 730 2337 contextus
748 2301 853 2349 noram,
874 2303 929 2336 nun
942 2283 1046 2338 exhibet
1063 2285 1164 2340 editur:
1181 2288 1226 2340 sed

175 2370 339 2426 utilissimam
365 2383 454 2426 tanton
480 2369 571 2426 libello
596 2380 688 2426 nostro
711 2369 817 2424 edendo
844 2371 946 2426 navavit
973 2390 1099 2442 operam,
1131 2372 1226 2428 collata

175 2478 230 2512 non
250 2470 354 2515 tautum
372 2458 462 2517 multis
478 2458 545 2513 locis·
570 2458 686 2515 editione
714 2458 837 2531 principe
861 2458 1035 2529 Mogontina,
1061 2460 1125 2515 anui
1148 2465 1227 2529 1465,

176 2549 221 2601 sed
240 2547 349 2601 totidem
375 2547 452 2600 etiarn
477 2547 542 2600 locis
568 2545 714 2599 Codicihus
739 2547 874 2600 Vossianis
891 2546 1012 2612 duobus,
1041 2547 1087 2618 qui
1113 2560 1174 2603 suut
1198 2551 1245 2620 in.

175 2635 339 2689 Bibliotheca
361 2635 521 2689 Academica
540 2634 814 2705 lugduno-Batava,
839 2634 911 2689 uude
929 2635 1058 2705 excerpsit
1075 2637 1229 2708 complures

175 2724 302 2781 lectiones
321 2742 375 2778 uon
394 2722 617 2788 contemnendas,
638 2740 722 2775 uuum
740 2722 820 2776 etiam
839 2722 929 2776 locum
949 2721 1136 2776 difficillimum
1162 2745 1226 2794 pro·

175 2812 298 2866 habiliter
312 2811 433 2866 restituit.
475 2808 597 2863 Contulit
615 2809 686 2863 idem
706 2810 803 2864 multos
820 2806 959 2862 Ciceronis
976 2808 1065 2876 locos,
1093 2828 1161 2879 quos
1183 2810 1227 2862 ‹ti-

176 2910 255 2964 cunt,
273 2895 471 2969 amphitritem,
497 2896 544 2968 qui
563 2915 761 2968 nonuunquam
791 2896 831 2953 vel
856 2895 1029 2951 stabiliendae
1054 2897 1163 2951 lectioni
1187 2899 1226 2952 vel

175 2985 320 3063 senteptiae
332 2984 501 3056 explicandae
513 2984 665 3039 inserviunt.
700 2983 746 3039 Est
759 2985 848 3051 etiam,
865 2983 910 3037 uhi
925 2983 959 3036 de
972 2983 1101 3040 sententia
1111 2986 1226 3056 scripto-

174 3073 211 3127 ris
238 3072 408 3143 intelligenda
436 3071 534 3127 utiliter
558 3070 696 3142 praecipit.
744 3069 871 3126 Ceterum
897 3070 948 3124 sid.
972 3069 1057 3124 Orell.
1085 3070 1226 3127 Onomast.

173 3162 246 3216 Tull.
265 3161 297 3215 T.
318 3162 336 3217 Ι.
355 3182 382 3233 p.
398 3164 461 3217 364.

245 3254 272 3302 l.
308 3248 485 3305 Adhibuimus
502 3248 581 3301 etiarn
600 3246 727 3301 lectiones
752 3245 887 3296 Editionis
906 3244 989 3296 seculi
1017 3244 1107 3314 quinti
1124 3245 1227 3308 decimi,

174 3356 242 3409 quas
258 3337 386 3409 excerpsit
403 3336 424 3389 1.
442 3336 476 3393 G.
496 3336 641 3400 Hutteu,
659 3332 798 3404 Gymnasii
824 3330 957 3403 Spirensis
974 3331 1081 3384 Rector.
1126 3329 1172 3385 Est
1195 3335 1222 3386 in

173 3424 337 3481 Bibliotheca
357 3426 428 3490 eius,
446 3425 518 3497 quod
538 3424 663 3489 diximus,
682 3419 831 3493 Gymnasii.
858 3422 992 3473 obscurato
1010 3418 1147 3490 descripsit
1166 3438 1224 3474 eam

172 3513 324 3566 Editionem
345 3512 383 3564 vir
400 3512 493 3566 doctus
511 3511 539 3564 in
558 3510 641 3576 libro,
666 3509 712 3581 qui
730 3508 899 3562 inscribiturs
932 3507 1225 3561 Historisclt-litteru·

172 3599 525 3672 risch-lrihliogruphisches
555 3598 703 3671 Magnam,
733 3597 861 3667 herausg.
887 3613 938 3647 νοιι
967 3595 993 3649 .l.
1020 3594 1054 3647 G.
1080 3594 1222 3652 Meusel.

172 3689 232 3759 (Vl.
250 3686 348 3752 stttct;
366 3686 512 3753 Chemnitz,
532 3688 610 3742 1192.
629 3707 654 3757 p.
672 3684 851 3752 118-126.)
886 3681 1022 3735 Existimat
1040 3681 1223 3750 liutteuux,

172 3796 231 3830 eam
252 3797 307 3831 esse
326 3778 395 3832 circa
415 3797 438 3830 a.
447 3780 527 3832 148⁰.
544 3775 612 3846 typis
631 3774 796 3845 exscriptam.
831 3769 899 3823 Mihi
919 3771 1035 3842 quidem,
1053 3789 1137 3842 quum
1157 3770 1222 3826 Edi-

172 3864 288 3929 tiouem,
308 3883 388 3936 quarn
407 3863 460 3916 dixi
476 3862 743 3932 Heidelbergensem‚
767 3878 837 3930 quae
862 3858 891 3910 in
919 3859 1042 3913 manibus
1066 3870 1119 3925 est,
1148 3880 1223 3914 nunc

172 3950 283 4005 contero
300 3969 365 4005 curn
383 3951 493 4004 liutteni
511 3950 704 4021 descriptione,
730 3964 895 4018 quemquam
924 3945 1026 4018 aliquot
1052 3945 1178 4000 lectiones
1195 3949 1226 4001 in

170 4039 214 4092 ills
235 4039 340 4112 reperi,
360 4058 430 4109 quae
448 4059 504 4092 non
523 4049 649 4092 notantur
667 4038 694 4089 in
713 4034 858 4089 collatione
876 4031 1010 4102 Spirensi,
1030 4032 1122 4086 eadem
1143 4032 1222 4102 plane

169 4146 222 4181 esse
241 4128 361 4193 ridetur,
381 4145 465 4198 quum
485 4137 511 4181 et
529 4144 674 4198 operarum
691 4142 796 4179 errores
813 4133 838 4175 et
859 4119 1010 4175 chartarum
1030 4119 1115 4172 forma
1136 4129 1161 4170 et
1180 4119 1222 4169 lo-

169 4215 264 4270 liorum
286 4232 415 4269 numerus
436 4214 616 4279 conveniant,¹
626 4232 715 4284 neque
734 4211 823 4281 aliqua
840 4209 920 4261 lectio
938 4211 969 4263 sit
989 4210 1022 4265 sb
1037 4209 1153 4261 liutteno
1171 4223 1222 4259 an·
