3059 4925
280 424 355 499 314
608 452 782 502 ernanum
808 453 1001 503 sroroouuu.

279 609 329 665 Cu.
349 610 474 679 Plancio,
492 632 507 666 a
524 613 635 678 Labioo,
655 623 755 668 vetusto
773 613 891 685 oppido,
903 613 982 684 'quod
1002 633 1086 686 prope
1104 616 1252 671 Tusculum
1266 619 1324 682 luit,

279 718 335 752 nnn
353 699 496 771 proculab
514 693 691 766 urbeRomo,
711 701 876 754 Labicanum
895 700 996 753 dictum
1015 712 1067 756 est:
1084 701 1165 773 idque
1179 722 1229 774 pro
1249 726 1328 775 prae·

279 788 323 841 dio
342 788 490 852 Labicano,
509 800 538 841 ut
554 788 753 855 Tusculanum,
774 788 985 859 Pompeianum,
1004 787 1194 865 Formianum,
1223 791 1328 863 aliaque

279 876 396 930 eiusdem
414 877 548 947 generis.“
567 876 641 930 Fre.
660 875 749 946 Sylr.

348 963 496 1032 divitiores]
533 963 590 1030 „lta
616 964 716 1036 primae
735 964 796 1019 edd.
815 976 840 1019 et
864 964 945 1019 MSS.
970 964 1053 1018 nostri
1082 983 1184 1019 omnes.
1226 965 1327 1021 Subse-

207 1076 208 1079 ¹
278 1061 389 1126 quentes
407 1050 480 1104 enim
498 1051 607 1104 ditiores
624 1071 716 1104 sumus
735 1054 783 1124 qui
799 1072 828 1122 p.
847 1051 898 1106 lu?
916 1072 943 1108 u.
963 1052 1069 1124 quidem
1086 1070 1212 1109 essemus.
1231 1074 1327 1126 super-

277 1140 421 1192 vacanee.“
457 1137 555 1193 Grut.

349 1230 406 1281 Nea
424 1228 513 1299 igitur
530 1228 738 1293 divitiores,
757 1228 804 1299 qui
819 1226 903 1297 pluro
921 1227 1071 1282 hebemus?
1092 1232 1119 1281 U
1123 1229 1232 1281 tinem
1249 1232 1328 1301 qui·
1435 1243 1436 1246 ’

223 1339 225 1354 i
278 1317 368 1384 dere]
405 1314 470 1381 „Sic
487 1315 566 1370 MSS.
601 1315 742 1370 SedEdd.
770 1335 818 1369 nos
836 1316 924 1387 igitur
949 1315 1102 1369 ditiores
1124 1334 1254 1381 sumus,
1279 1320 1328 1390 qui

272 1403 358 1474 pluro
380 1403 530 1457 habemus?
569 1406 680 1457 Utinam
706 1404 811 1476 quidem
836 1404 972 1458 essemus!
979 1404 995 1433 ‘⁸
1015 1401 1134 1457 Graes.
1180 1404 1326 1472 „Ditiores,

278 1507 379 1544 omnes.
414 1492 551 1544 Diotiores
568 1510 701 1557 comus,
720 1492 781 1562 qui,
799 1491 901 1545 decem.
943 1494 1070 1544 Essemus
1087 1492 1160 1546 abest
1178 1511 1193 1545 a
1212 1492 1327 1563 quinde-

277 1576 359 1630 cim.“
385 1577 457 1634 Ald.
476 1577 561 1632 Man.
609 1578 790 1646 „pithoeanus
814 1577 904 1632 Codex
929 1580 1061 1633 consentit
1085 1578 1166 1635 MSS.
1191 1579 1329 1634 Gruteri.“

277 1664 399 1720 Graev.
436 1665 651 1739 ,‚lncorruptam‚
670 1678 743 1721 certe
762 1667 960 1739 explicationem
979 1666 1057 1721 liuius
1074 1666 1256 1739 Comparativi
1269 1668 1327 1719 lor-

277 1753 782 1822 mamserraritOratlll,48,185:
809 1755 877 1807 Inde
903 1754 950 1806 ille
974 1754 1097 1810 licemior
1121 1766 1151 1806 et
1175 1755 1327 1808 divitior

271 1842 360 1911 fluxit
379 1841 584 1912 dithyrambos:
609 1843 655 1896 ubi
682 1844 762 1898 etiam
788 1842 919 1914 quaedam
938 1841 1130 1896 adiectirorum
1155 1841 1328 1913 aequabilitas

276 1940 333 1983 erat
349 1930 514 2001 spectandas
536 1930 607 1983 Tum
627 1941 719 1985 nostro
738 1930 798 1984 loco
818 1930 939 1993 divitem,
967 1949 1022 1982 non
1042 1929 1235 1999 ditem,‹quod
1254 1929 1325 1999 apud

276 2018 378 2072 Livium
397 2019 523 2090 frequens
541 2029 594 2082 eet,
613 2029 653 2072 ter
671 2029 796 2089 quaterve
814 2016 885 2070 dixit.
909 2067 912 2072 ⁴
933 2015 1073 2084 Quantum
1097 2014 1269 2070 tribuendum
1293 2015 1326 2069 sit

276 2105 422 2176 scripturae
441 2105 618 2176 compendio,
638 2113 693 2176 quo
712 2103 751 2157 usi
770 2104 874 2157 scribae
891 2115 962 2169 sunt,
973 2103 1090 2167 ,difficile
1108 2116 1146 2158 est
1168 2104 1268 2174 ubique
1282 2103 1326 2155 iu·

277 2195 374 2248 dicare.
411 2193 471 2245 vid.
491 2194 565 2246 Voss.
586 2192 619 2245 de
637 2192 768 2263 Analogia
787 2193 819 2258 ll,
839 2196 889 2258 25,
910 2212 935 2262 ρ.
955 2193 1038 2245 81141.ιι
1056 2189 1181 2246 Gernh.
1227 2190 1325 2243 Videa-

277 2299 336 2334 mus
348 2282 408 2334 iam
425 2281 457 2334 de
476 2281 559 2334 libris.
596 2279 644 2335 Ed.
663 2282 748 2353 Lugd.
762 2299 814 2352 pro
834 2298 897 2333 noc
916 2280 1002 2351 igitur
1019 2278 1123 2332 exhibet
1139 2297 1203 2331 non
1220 2280 1306 2349 igitur
1312 2298 1323 2339 ‚·

235 2405 238 2416 -
278 2369 349 2422 Gud.
362 2369 392 2421 A.
410 2367 562 2424 habetcum
575 2367 665 2421 Guell.
684 2387 732 2421 nos
751 2387 829 2420 num
847 2367 957 2419 ditiores
975 2386 1109 2429 sumus,·
1128 2366 1214 2422 Codd.
1232 2365 1325 2420 (ΞΜ.

277 2456 328 2513 Os.
346 2457 379 2512 N.
396 2456 476 2510 Drsd.
492 2460 518 2511 1.
538 2459 563 2511 3.
582 2456 663 2511 Bern.
681 2475 729 2509 nos
749 2475 837 2509 vero.
871 2453 918 2508 Est
936 2454 1046 2508 ditiores
1063 2455 1092 2509 iu
1111 2453 1175 2509 Osx.
1188 2454 1219 2511 E.
1237 2453 1270 2507 N.
1288 2453 1324 2508 U.

276 2543 335 2600 Cra.
354 2549 382 2598 2.
400 2547 425 2598 3.
444 2544 523 2598 Dred.
542 2548 568 2598 1.
586 2547 612 2599 3.
639 2544 718 2597 Suer.
742 2553 769 2598 et
795 2540 926 2614 plurimae
952 2543 1014 2596 edd.
1032 2554 1092 2597 vett.
1110 2545 1257 2597 Divitiores
1275 2542 1325 2596 ha·

277 2634 342 2686 bent
360 2631 445 2686 codd.
462 2631 574 2703 reliqui,
600 2632 718 2702 itemque
742 2629 810 2683 Edd.
830 2629 899 2683 Vict.
926 2630 1017 2685 Lamb.
1042 2631 1126 2688 Sullr.
1154 2633 1225 2686 Petr.
1250 2631 1325 2687 Eub.

278 2718 374 2773 Colon.
394 2716 473 2772 Grut
492 2717 588 2772 Graes.
607 2718 694 2773 Gron.
712 2717 820 2772 sotru-
839 2719 922 2772 vert.
941 2719 1012 2773 Olir.
1030 2719 1095 2773 Eru.
1113 2740 1202 2792 seqq,
1220 2721 1254 2775 de
1273 2740 1326 2792 qua

277 2806 365 2860 forma
383 2805 434 2858 vid.
454 2806 533 2861 etiam
551 2806 638 2860 Beier.
656 2806 690 2861 ad
707 2807 763 2860 cic.
782 2806 854 2861 lael
869 2810 912 2867 to.
931 2827 957 2878 p.
975 2810 1018 2861 91.
1036 2808 1082 2879 qui
1097 2827 1155 2860 eam
1173 2808 1211 2861 ibi
1230 2809 1257 2860 in
1276 2828 1327 2861 an-

278 2905 333 2948 not.
352 2906 487 2966 receptam
505 2914 520 2948 a
539 2914 566 2948 se
584 2894 662 2962 dixit,
679 2896 725 2948 sed
743 2897 772 2949 iu
791 2906 862 2950 textu
882 2894 990 2966 reliquit
1009 2896 1098 2949 ditior.
1145 2894 1262 2949 Additur
1278 2915 1329 2947 su-

277 3001 352 3050 mus,
371 3000 400 3034 es
420 2982 521 3052 glom,
538 2984 567 3037 in
586 2982 673 3038 Codd.
691 2982 749 3038 Cra·
769 2990 795 3042 3.
813 2984 893 3037 Drsd.
910 2989 936 3038 4.
955 2988 980 3038 5.
1001 2982 1052 3037 Ox.
1069 2982 1104 3037 U.
1123 2981 1194 3036 Gud.
1212 2983 1252 3047 A,
1271 3003 1327 3036 non

278 3070 377 3127 babent
397 3067 482 3125 Codd.
501 3071 614 3142 reliqui,
629 3091 730 3142 ‚neque
750 3072 818 3125 edd,
837 3090 903 3143 quas
920 3069 1018 3123 habere
1045 3070 1183 3122 divitiores
1206 3071 1327 3136 dicimus,

278 3159 396 3231 itemque
416 3158 476 3212 ΑΗ.
495 3162 575 3214 tots.
594 3163 673 3214 1551.
692 3165 755 3216 Gar.
774 3159 867 3231 steph.
886 3158 988 3212 Sturm,
1006 3157 1076 3215 Aud.
1094 3155 1235 3227 Tusytt.
1250 3156 1329 3212 Face.

278 3246 346 3301 lllud
366 3265 426 3299 vero
450 3267 500 3318 pro
518 3248 662 3318 igiturest
684 3249 764 3302 etiam
791 3249 819 3302 iu
844 3247 912 3300 Edd.
936 3247 998 3300 Par.
1017 3267 1037 3299 s.
1055 3266 1079 3299 a.
1105 3258 1132 3301 et
1156 3246 1227 3301 Asc„-
1243 3249 1329 3301 15112

279 3333 431 3387 undecune
447 3335 478 3388 in
496 3335 553 3389 aliis
571 3335 628 3389 eius
644 3336 707 3390 loco
720 3337 753 3391 sit
770 3354 845 3401 num,
861 3336 953 3389 :etiam
980 3353 1073 3389 rocem
1098 3337 1186 3407 igitur
1210 3355 1225 3388 e
1242 3335 1329 3406 glossa

279 3440 334 3475 esse
351 3422 637 3493 suspicaturOrelliusz
656 3443 672 3477 a
689 3443 742 3495 qua
759 3424 910 3496 suspicione
929 3442 980 3493 ego
997 3442 1107 3495 quoque
1127 3442 1171 3476 me
1189 3442 1244 3476 non
1262 3421 1329 3477 alie·

280 3526 346 3561 num
364 3529 419 3562 esse
437 3508 575 3581 profiteor.
610 3511 744 3579 Alteram,
764 3510 820 3577 rel,
838 3511 859 3564 si
878 3511 974 3576 maris,
994 3511 1098 3564 tertiam
1116 3509 1240 3581 glossam,
1257 3529 1330 3563 esee·

279 3612 355 3662 mus,
376 3608 436 3668 post
458 3598 569 3651 Utinam
587 3600 706 3671 quidem,
727 3618 821 3655 omnes
839 3599 937 3653 liabent
954 3598 1040 3664 Edu,
1062 3598 1090 3649 in
1112 3597 1210 3668 quibus
1228 3609 1268 3651 est
1286 3599 1330 3649 di·

278 3685 377 3745 etum
396 3704 452 3738 non
471 3684 569 3743 liabent
586 3686 713 3760 reliquae,
730 3689 849 3760 itemque
867 3688 952 3742 Oodd.
971 3685 1036 3739 On.
1047 3685 1170 3756 (excepto
1177 3684 1211 3752 l.)
1226 3704 1329 3751 omnes,

281 3774 338 3826 Cra.
358 3778 383 3826 1.
408 3774 524 3846 (inquo
542 3786 580 3830 est
606 3772 742 3849 equidem,
772 3797 827 3848 quo
852 3794 908 3829 nou
933 3773 971 3828 mi
998 3773 1066 3828 solet
1092 3771 1164 3834 cte,
1192 3773 1242 3825 uisi
1267 3791 1330 3826 eum

278 3860 365 3931 prima
374 3860 627 3931 singularisnumeri
638 3864 847 3935 persona)Gud.
855 3863 924 3917 AB.
942 3861 1021 3916 Suet.
1029 3861 1126 3917 Duisb.
1134 3861 1216 3917 Drsd.
1225 3867 1250 3917 2.
1271 3859 1331 3912 Mr.
1419 3854 1424 3861 ⁸

350 3949 405 4000 Sed
421 3968 474 4002 nou
490 3953 676 4004 aestimatione
695 3953 815 4019 esnsus‚]
851 3951 890 4017 „i.
908 3971 932 4005 e.
949 3950 1115 4005 divitiarum:
1139 3958 1169 4002 ut
1192 3948 1264 4019 apud
1283 3946 1333 3999 lue

280 4035 400 4091 reuelem
419 4047 458 4091 est
474 4036 560 4092 Satira
573 4039 649 4092 XlV:
669 4041 753 4107 [M]
773 4029 870 4091 misera
882 4050 923 4090 est
941 4037 1035 4108 magni
1052 4037 1178 4090 custodio
1195 4053 1331 4090 oeneus.

281 4124 310 4176 ln
330 4121 380 4178 hac
398 4144 426 4176 re
445 4143 539 4179 census
559 4145 637 4196 saepe
663 4126 768 4178 dicitur.
815 4130 913 4178 &usus
937 4126 1097 4183 adiectirum
1126 4141 1176 4195 pro
1200 4123 1279 4176 divite
1304 4134 1333 4176 et

282 4211 429 4279 pecunioso
453 4212 561 4267 dicitius
586 4225 616 4267 ut
643 4215 670 4266 in
696 4214 767 4284 Lege
789 4214 926 4269 Voconia:
956 4216 997 4267 Ne
1023 4215 1084 4285 quis
1104 4213 1180 4264 Aemo
1197 4228 1334 4277 census,
