3059 4925
280 437 355 513 246
553 518 556 522 ,
592 462 766 510 rsnsooxs
795 461 990 510 oroteouuu.

278 624 320 677 De
338 620 461 677 Corinthi
480 622 662 675 monumentis
673 620 809 673 neminem
825 620 931 686 rectius,
950 638 1031 692 quem
1044 619 1212 686 Pausaniam,
1231 619 1330 691 leges.“

279 709 368 780 Xyst.
386 708 498 763 Betui.
542 708 630 764 Locus
658 709 691 762 de
709 707 817 760 Officiis
842 719 880 761 est
898 707 931 774 ΙΙ,
949 712 993 773 22,
1010 710 1063 770 tue
1089 706 1267 760 verrinarum
1292 719 1332 760 est

278 798 298 861 l,
316 800 359 862 21,
377 800 422 852 25.
450 795 495 862 ΙΙΙ,
513 799 540 861 4,
557 798 585 850 9.
623 794 729 848 Delerit
751 794 902 848 Mummius
925 792 1086 848 Corinthum
1114 813 1138 846 n.
1165 793 1200 846 U.
1224 813 1248 847 c.
1267 796 1329 848 668.

169 906 172 916 ·
278 905 333 958 quo
351 885 416 938 item
433 882 568 954 Carthago
586 902 674 936 eversu
693 894 739 936 est.
778 882 832 935 Sed
851 882 909 935 ride
927 882 961 935 de
979 880 1114 935 Mummio
1134 879 1230 934 Orettii
1249 880 1331 933 Ono·

278 982 350 1025 mest
369 970 426 1025 Cic.
445 970 471 1023 h.
487 991 508 1024 v.
528 999 561 1011 -
606 970 733 1024 Ceterum
761 971 789 1023 in
809 970 877 1024 Cod.
905 969 964 1028 cn.
983 974 1007 1023 Ι.
1032 970 1089 1023 eius
1107 987 1206 1022 nomen
1231 967 1330 1038 legitur

277 1066 310 1113 1..
329 1060 452 1124 Munius,
469 1060 497 1111 in
516 1058 594 1112 Suer.
611 1070 638 1113 et
655 1057 735 1111 Drsd.
755 1062 780 1111 1.
800 1062 830 1110 l..
854 1059 1002 1115 Manilius,
1021 1058 1049 1109 in
1074 1058 1133 1110 cn.
1152 1061 1177 1110 2.
1196 1066 1221 1109 et
1233 1055 1328 1109 Duish.

277 1150 398 1212 Meffiue,
421 1146 448 1200 in
476 1144 528 1199 Οι.
545 1146 577 1200 Ε.
598 1138 631 1199 1).
657 1145 793 1211 Mumius,
822 1146 851 1199 in
876 1144 928 1199 Or.
946 1163 975 1207 u.
1001 1142 1074 1198 Gud.
1093 1143 1124 1197 B.
1143 1148 1175 1196 Ι..
1203 1146 1345 1201 Meruisse..

278 1232 349 1288 Gud.
371 1234 404 1287 Α.
423 1234 517 1289 Meui'.
543 1231 799 1289 'rumendttrnt
819 1232 1013 1304 neutiquam.
1050 1229 1109 1283 Cre.
1128 1231 1252 1283 viderit.
1269 1231 1328 1283 ΜΓ.
1371 1283 1376 1291 ,

349 1320 526 1374 matellionem
558 1320 724 1372 Corinthium
757 1319 928 1388 cupidissime
957 1319 1147 1386 tractantem,]
1178 1320 1329 1384 musteum,

278 1418 308 1459 ut
332 1406 366 1459 ait
392 1404 451 1458 Sex.
473 1406 618 1476 Pompeius
637 1407 675 1477 [p.
691 1421 750 1459 xcv.
765 1418 793 1460 et
808 1422 887 1460 xcvu.
906 1406 956 1461 Ed.
974 1404 1150 1474 Sentendr.],
1169 1425 1213 1460 res
1234 1405 1328 1459 urinae

279 1503 323 1546 est.
359 1492 477 1546 Auctore
493 1492 582 1548 Plinio
600 1511 624 1547 c.
639 1497 662 1546 2.
681 1492 725 1545 lih.
739 1496 782 1547 34.
820 1496 895 1547 Vasa
914 1494 1054 1546 Corinthia
1070 1494 1218 1563 sculptores
1234 1505 1328 1547 trone-

273 1581 373 1650 serunt
391 1580 467 1632 modo
487 1581 516 1632 iu
531 1580 656 1635 lucemus
663 1613 670 1638 ‚
689 1580 765 1633 itrodo
781 1583 811 1631 in
829 1581 943 1644 trullas,
966 1582 1043 1633 nullo
1066 1581 1263 1635 munditiarum
1283 1600 1328 1632 re·

277 1677 379 1738 spectu.
419 1668 541 1719 Trullom
559 1677 651 1721 eutem
665 1684 717 1736 pro
734 1685 798 1719 vose
815 1668 977 1721 stercorario
995 1668 1140 1737 accipiunt.
1161 1667 1260 1735 [Locus
1272 1668 1328 1721 Pli-

277 1755 315 1809 nii
335 1766 373 1809 est
392 1755 515 1822 xxmv,
534 1757 559 1810 3.
577 1775 605 1827 p.
623 1758 684 1809 649.
703 1754 744 1807 ed.
763 1753 893 1809 Herduin.
912 1755 1010 1826 legitur
1027 1766 1117 1809 autem
1142 1755 1180 1808 ihi
1203 1756 1329 1821 trulleos,

279 1843 350 1914 quod
370 1841 440 1896 idem
461 1853 554 1896 estec
571 1843 681 1895 trullas.
719 1841 759 1893 De
778 1840 810 1893 iis
827 1841 876 1894 vid.
895 1843 1010 1897 Varron.
1030 1842 1064 1896 de
1081 1842 1111 1895 L.
1129 1842 1158 1896 L.
1176 1843 1221 1915 ΙΙΙ,
1239 1864 1266 1915 p.
1283 1847 1327 1899 36.
1421 1852 1425 1861 ’

278 1927 320 1981 ed.
338 1928 422 1983 Amet.
449 1939 474 1983 et
492 1928 593 1983 Durdr.
612 1931 691 1983 1619.
710 1938 736 1981 et
754 1930 835 1983 1623.
861 1928 961 1982 ibidem
985 1930 1019 1983 de
1045 1950 1066 1982 r.
1088 1931 1227 1999 matellio]
1252 1931 1326 1985 Fre.

277 2014 369 2086 Sylv.
403 2016 562 2082 „Achiuom
580 2016 668 2086 inquit
686 2015 829 2081 Erasmus,
848 2015 900 2070 dici
919 2018 1025 2089 signum
1045 2031 1246 2089 repraesentans
1270 2040 1328 2073 ser·

191 2108 194 2114 '
277 2120 340 2154 rum
357 2103 538 2174 porrigentem
558 2102 695 2159 matulam.
712 2131 748 2142 -
765 2102 854 2157 Miror
871 2104 1008 2159 hominem
1026 2116 1114 2160 mutae
1132 2106 1253 2163 lectionis
1271 2129 1327 2163 non

279 2189 444 2256 meminisse,
463 2189 536 2261 quod
554 2189 594 2244 M.
613 2191 700 2245 Varro
718 2191 752 2244 de
770 2193 922 2246 matellione
933 2194 1047 2264 scripsit.
1082 2195 1208 2248 Motellio
1225 2195 1327 2266 (inquit

277 2275 346 2328 lihro
364 2274 410 2329 lV.
428 2276 463 2330 de
480 2276 510 2330 L.
529 2276 573 2344 L.)
590 2295 608 2328 u
626 2279 732 2331 matuta
751 2279 856 2332 dictus:
878 2281 917 2348 [el
936 2281 1045 2348 dictueJ,
1060 2291 1155 2349 postea
1173 2299 1254 2352 quom
1266 2282 1326 2333 lon-

274 2365 338 2435 gius
362 2381 381 2414 u
398 2364 497 2436 figura
523 2365 643 2417 matulae
671 2366 793 2419 discessit
818 2368 857 2435 [in
881 2367 931 2422 Ed.
955 2366 1092 2438 Spengelii
1117 2367 1147 2421 l..
1167 2369 1200 2421 V.
1220 2388 1247 2439 p.
1264 2371 1326 2423 124.

276 2453 304 2506 in
323 2450 373 2508 Ed.
391 2450 487 2510 Odoir.
507 2451 615 2508 Miilleri
632 2452 663 2509 L.
681 2455 716 2508 V.
734 2455 757 2523 ξ.
775 2457 837 2511 119.
857 2476 881 2526 p·
899 2456 956 2524 41.]
1000 2454 1069 2520 Sed,
1089 2467 1117 2509 ut
1136 2453 1248 2526 opinor,
1274 2453 1324 2508 de·

277 2552 370 2612 ceptus
387 2552 425 2595 est
443 2541 533 2597 nescio
551 2560 604 2613 que
629 2559 724 2595 vocum
744 2543 923 2598 similitudine.
967 2543 1035 2598 Nem
1063 2562 1125 2597 cum
1150 2542 1249 2598 videret
1264 2562 1327 2596 mu·
1409 2543 1416 2551 ’

277 2629 371 2680 llonem
396 2646 500 2681 serrum
522 2627 612 2680 mulos
636 2639 775 2681 curantem
804 2641 884 2700 atque
907 2642 1030 2700 agentem
1055 2629 1219 2701 significare,
1245 2633 1325 2684 etiem

276 2714 452 2768 matellionem
477 2713 627 2766 existimarit
653 2732 757 2766 serrum
783 2736 838 2769 esse
868 2715 994 2769 mutulam
1026 2716 1222 2787 porrigentem,
1249 2719 1327 2772 eutius

276 2801 382 2872 signum
407 2822 436 2855 ex
466 2821 528 2856 uere
558 2800 697 2856 Corinthio
722 2802 869 2858 conflatum
896 2806 990 2857 esset.“
1022 2803 1178 2858 Morisot.
1237 2804 1328 2877 „Spe-

277 2893 330 2945 cies
353 2912 403 2964 pro
426 2911 539 2965 genere,
569 2910 620 2963 pro
638 2891 704 2945 rasis
727 2890 873 2946 Corinthiis
898 2892 936 2945 vel
964 2894 1085 2946 universe
1111 2911 1162 2963 pro
1185 2910 1248 2945 aere
1271 2895 1327 2946 Co-

276 2980 390 3045 rinthio,
421 3000 490 3053 quoe
514 2979 612 3035 Struho
635 2977 798 3045 χαλκόματα
827 2983 1044 3052 Κοριιθωυργῆ,
1075 2979 1220 3033 Morisotus
1243 2977 1327 3042 uiuido

276 3069 406 3137 reddidit,
430 3089 483 3140 qua
510 3088 574 3124 voce
592 3068 750 3123 Plutarchus
777 3089 839 3123 usus
866 3081 904 3123 est
932 3088 983 3141 pro
1013 3069 1112 3123 mutulo
1137 3068 1164 3122 in
1188 3069 1325 3142 Apophth.

276 3155 426 3221 Laconicis,
451 3174 513 3210 cum
540 3157 573 3209 de
592 3176 677 3228 puero
695 3157 802 3225 scribit,
833 3158 880 3228 qui
899 3157 1026 3212 mutulam
1051 3157 1164 3211 domino
1186 3158 1325 3229 porrigere

209 3265 217 3278 ·
276 3243 440 3299 detrectarit:
464 3255 489 3298 et
506 3242 642 3316 Aristoph.
659 3245 688 3297 in
708 3245 816 3316 Vespis,
839 3245 885 3298 uhi
904 3257 1101 3300 commentator
1118 3241 1263 3314 otipeepldu
1280 3250 1325 3298 sui
1401 3273 1403 3276 ·

276 3328 400 3401 osipeepis
408 3327 510 3397 ἀγγεῖον
519 3333 626 3404 exponit
644 3344 671 3386 et
688 3333 717 3385 in
727 3332 845 3386 Acheru.
862 3329 1002 3404 oripodo'lsr
1019 3331 1130 3400 ἀγγεῖον.
1165 3333 1246 3387 lulius
1259 3332 1324 3388 Pol-¹

275 3419 319 3472 lux
335 3418 382 3472 lib.
401 3419 433 3472 Χ.
451 3439 475 3473 c.
493 3423 519 3473 9.
538 3420 572 3474 de
589 3421 654 3473 vasis
671 3420 900 3488 excrementariis,
926 3422 986 3476 viris
1006 3422 1116 3494 quidem
1141 3418 1254 3474 idoneor
1278 3421 1323 3485 ait,

275 3510 320 3558 nul
344 3503 440 3569 duee,
474 3525 555 3578 quum
578 3507 715 3578 scaphium
749 3507 968 3579 interpretantur.
992 3507 1076 3572 ἀμίδα
1104 3529 1166 3562 vero
1194 3508 1323 3580 Sophocli

275 3591 436 3664 iroupq'dpur
454 3594 558 3660 vocari,
577 3594 711 3672 Aeschylo
728 3594 854 3666 otipnrp'r,
884 3597 1040 3654 mulieribus
1057 3597 1173 3660 σκάφιον.
1216 3593 1322 3659 upton

275 3683 398 3751 nomine,
417 3687 480 3737 teste
498 3682 651 3750 Athenaeo,
671 3684 782 3756 Eupolis
801 3685 903 3755 primus
921 3705 983 3740 usus
1001 3698 1048 3739 est.
1083 3686 1196 3740 Lazarus
1214 3684 1322 3756 Baysrus

274 3769 307 3821 de
325 3768 401 3823 Auro
420 3782 446 3824 et
462 3771 582 3843 Argento
601 3773 689 3845 legato
706 3774 759 3827 sic:
779 3773 962 3827 Moteliionem
982 3773 1104 3827 Corinth.
1125 3773 1189 3827 dixit
1205 3773 1320 3838 Tuliius,

273 3876 334 3912 nere
352 3856 491 3913 Corinthio
509 3861 617 3916 iactum.
662 3862 746 3930 Quod
774 3883 865 3917 neser
890 3862 918 3916 S.
936 3862 967 3917 C.
998 3862 1084 3916 delete
1104 3881 1119 3914 a
1139 3861 1168 3913 L.
1187 3859 1322 3914 Mummio

273 3945 403 4001 Corintho
423 3948 523 4002 iactum
542 3962 569 4004 et
586 3950 730 4005 conflatum
750 3955 817 4005 est.“
835 3953 928 4023 Xyst.
946 3950 1060 4005 Betui.
1110 3948 1256 4014 ,stalelllo
1279 3948 1324 4000 di-

273 4034 342 4087 citur
358 4054 401 4087 vas
428 4033 506 4089 simili
534 4038 635 4104 forma,
659 4040 704 4093 sed
729 4040 904 4111 oblongiore,
935 4058 1016 4112 quem
1044 4036 1142 4091 metuis
1161 4048 1188 4090 et
1204 4035 1322 4090 metelle.

272 4121 392 4176 Metellio
410 4131 498 4174 eutem
517 4123 550 4175 ad
567 4124 651 4178 elium
668 4146 745 4179 usum
765 4138 837 4180 erut:
855 4147 944 4201 neque
962 4129 1029 4182 hoec
1048 4146 1107 4180 resa
1118 4135 1228 4198 propter
1241 4125 1323 4177 emis·

273 4226 328 4261 sam
347 4208 468 4263 notitiem
487 4210 634 4273 artifieiiet
652 4215 720 4269 aeris
739 4213 869 4270 Corinthii
889 4217 1004 4289 amplius
1021 4225 1147 4289 poterent
1164 4212 1317 4269 febrienti-‘⁸

1509 601 1517 642 Ι
