3059 4925
633 291 637 320 l

640 450 844 499 rnoonmun.
1241 440 1263 513 3

246 601 406 668 Paradoxa]
430 600 583 657 Admodum
608 607 709 662 variant
737 621 767 664 ut
784 610 840 663 lere
857 611 901 679 tit,
924 613 985 668 lihri
1007 625 1034 669 et
1050 617 1141 689 scripti
1159 628 1186 674 et
1203 622 1265 678 editi

213 686 242 739 in
260 686 435 758 inscriptione
452 688 544 743 libelli.
579 690 626 746 Sie
643 692 712 748 Cod.
729 694 775 750 Cr.
790 701 814 751 1.
839 698 931 754 hahet:
959 705 1050 755 Marci
1070 707 1143 759 Tulis'
1162 709 1265 763 Cierio-

213 775 255 827 nis
272 776 438 836 Paradoxa5
457 773 504 830 Cr.
516 783 542 832 1.
560 781 651 832 Marri
672 784 756 834 Tullii
773 785 904 838 Ciceronis
921 787 987 842 liber
1005 790 1037 841 de
1050 794 1205 848 Paradoxis
1221 797 1265 849 irr-

213 863 297 931 eipit5
321 860 368 916 Cr.
386 866 412 918 3.
431 863 510 918 Drsd.
531 870 555 919 2.
574 871 600 920 5.
620 880 713 923 carent
729 871 919 943 inseriptione3
943 875 1024 938 Drsd.
1045 881 1071 931 1.
1089 879 1205 936 exhibet:
1223 887 1264 936 M.

216 954 246 1003 Τ.
265 950 398 1003 Ciceronis
417 950 485 1003 tite»
502 954 707 1008 Paradoxoram
726 958 840 1026 incipit5
868 960 949 1015 Drsd.
967 967 992 1017 3.
1016 968 1057 1018 M.
1080 970 1110 1020 P.
1132 969 1263 1021 Ciceronis

212 1038 250 1087 erl
266 1041 385 1089 Brutum
404 1039 547 1092 Paradosa
563 1040 714 1110 incipiunt‚·
733 1043 849 1116 (inelph.
865 1048 946 1101 Lilrsr
963 1049 994 1101 tle
1007 1051 1160 1106 Paradoris
1173 1056 1264 1107 Marri

215 1125 288 1176 tutti
306 1126 437 1179 Ciceronis
443 1146 453 1186 ,·
479 1126 550 1181 Ged.
568 1128 599 1182 Β.
617 1129 657 1183 Μ.
680 1132 755 1183 tullii
782 1134 913 1187 Ciceronis
936 1137 1020 1206 irror'p‘
1033 1140 1179 1208 paradoxa
1194 1144 1283 1198 stain

212 1229 319 1272 murm,-
337 1212 433 1267 Duirh.
449 1215 580 1272 Ciceronis
592 1219 750 1274 Paradora.
787 1222 817 1275 ln
835 1222 904 1277 Edd.
923 1224 1056 1297 plerisque
1074 1227 1206 1300 inscriptis
1223 1242 1263 1285 est

211 1303 253 1351 M.
268 1304 300 1353 T.
314 1304 343 1353 0.
355 1302 521 1363 Paradosa5
539 1303 567 1356 in
587 1304 676 1359 multis
694 1309 735 1360 ill.
755 1312 785 1360 Τ.
804 1312 832 1363 C.
850 1312 997 1364 Parodana
1014 1314 1054 1365 ati
1068 1317 1109 1367 M.
1125 1319 1243 1370 Brutum
1250 1339 1260 1377 ,-

210 1388 236 1441 in
256 1387 350 1459 pausis
367 1393 407 1443 M.
428 1393 458 1444 Τ.
478 1394 505 1444 0.
524 1392 671 1444 Paradoxa
686 1395 838 1448 Stoicorum
856 1399 894 1449 ad
910 1402 951 1453 M.
972 1404 1103 1458 Brutum,
1129 1413 1159 1455 ut
1178 1403 1261 1460 edidit

210 1475 454 1544 Gernhardus,
474 1497 554 1550 quern
575 1498 624 1534 nos
640 1481 787 1551 sequimur.
804 1483 865 1538 Mr.

280 1567 440 1633 Parodana]
458 1564 554 1632 „Siout
570 1566 747 1637 Pythagoriui'
758 1572 881 1641 symbola
900 1573 1031 1644 quaedam
1049 1574 1201 1632 hahuerunt
1218 1586 1259 1632 at·

209 1670 262 1722 que
281 1670 363 1705 auree
380 1664 535 1725 praecepte:
553 1655 592 1707 sic
610 1654 694 1708 Stoici
713 1657 850 1725 παράδοξα
864 1678 910 1712 sua
930 1660 1055 1731 dogmate
1074 1664 1258 1730 nominarunt,

207 1758 277 1811 quae
296 1738 392 1794 Cioero
417 1760 472 1794 non
496 1761 557 1795 uno·
579 1741 639 1796 laco
664 1744 839 1798 admirabilia
860 1747 1063 1818 interpretatur,
1087 1749 1155 1803 sicat
1178 1749 1258 1804 etiarn

208 1826 307 1881 Graeci
324 1825 470 1899 θαυμασταὶ
488 1840 514 1883 et
532 1826 723 1899 «inperitissimi,
742 1852 774 1885 eo
794 1834 866 1905 qnod
880 1835 933 1888 sint
945 1834 1074 1906 opinione
1085 1845 1112 1889 et
1124 1847 1259 1907 exspecta·

206 1916 280 1968 tione
300 1916 409 1969 maiora.
427 1945 463 1960 -·
489 1916 611 1984 Stoicos,
638 1918 752 1989 opinor,
780 1919 906 1991 Epiourei
929 1932 992 1976 nint
1007 1921 1118 1985 imitati,
1145 1924 1192 1994 qrsi
1210 1942 1257 1980 sua

207 2003 333 2075 dogmata
351 2011 442 2074 supine
459 2001 537 2065 δόξας
553 2004 691 2077 appellare
709 2017 772 2060 sunt
789 2007 855 2062 ausi:
880 2009 978 2072 titulo,
994 2018 1025 2062 ut
1041 2008 1144 2062 Plinius
1160 2010 1258 2082 inquit,

205 2102 317 2161 propter
334 2111 412 2163 quern
430 2093 609 2146 vadimonium
627 2094 710 2147 deseri
723 2096 841 2163 possit.“
877 2096 970 2167 Xyst.
987 2095 1182 2150 Beluleius.
1274 2119 1279 2128 ·

277 2178 436 2245 paradoxa]
464 2178 569 2251 Scripta
588 2180 710 2234 ridentur
732 2182 803 2235 intra
827 2183 981 2248 biennium,
1008 2201 1062 2254 quo
1081 2181 1178 2238 Cicero
1196 2185 1257 2241 risit

206 2276 265 2336 post
278 2265 397 2320 Caesaris
412 2285 514 2321 nerem.
549 2264 705 2336 Ilupddaia,
720 2288 789 2339 quae
804 2279 868 2323 sunt
885 2281 990 2340 praeter
1007 2270 1129 2323 omnium
1147 2272 1256 2341 opinio·

206 2372 284 2420 nem,
307 2364 333 2407 et
350 2353 553 2407 admirationem
573 2365 690 2408 movent.
725 2355 902 2427 lispouuntur
919 2376 934 2410 a
954 2354 1085 2412 Cioerone
1103 2357 1137 2414 etl
1158 2373 1255 2428 quata-

205 2441 266 2497 dam
283 2440 361 2496 veluti
379 2440 489 2496 senilem
508 2440 740 2509 declamationem,
759 2455 790 2498 nt
809 2444 865 2514 ipse
884 2462 943 2499 enm
963 2454 1038 2499 roret
1056 2444 1084 2498 in
1101 2444 1211 2501 l‘useul.
1229 2449 1255 2500 1.

203 2549 262 2602 cap.
279 2535 306 2584 4.
343 2532 436 2602 ltaque
451 2530 543 2584 serihit
560 2530 710 2584 Suetonius
724 2530 758 2583 sle
776 2529 848 2584 Clar.
864 2531 972 2585 Rhetor.
990 2551 1013 2586 e.
1032 2534 1058 2585 1.
1094 2529 1254 2589 Ciceronem

204 2618 337 2671 seniorem
355 2636 465 2689 qaoque
484 2616 650 2671 declamasse.
669 2618 764 2672 Faue.
803 2617 862 2673 Cic.
878 2619 912 2672 de
929 2619 988 2672 Fin.
1001 2618 1048 2683 lV,
1063 2623 1106 2683 tt,
1120 2624 1164 2675 ts.
1184 2623 1255 2675 Nam

204 2723 238 2755 ex
253 2704 351 2755 eisdem
369 2704 507 2757 verborum
522 2706 680 2775 praestigiis
697 2716 725 2759 et
750 2724 833 2777 regna
856 2717 926 2759 nata
948 2706 1022 2760 vobis
1044 2705 1167 2776 (Stoicis)
1189 2719 1256 2761 sant

204 2801 232 2842 et
249 2791 374 2861 imperia,
398 2800 426 2842 et
445 2791 572 2856 diuitiae,
596 2802 624 2845 et
642 2793 876 2864 tentaeqaidern,
901 2804 933 2845 ut
951 2794 1052 2856 omnia,
1071 2811 1140 2864 qnae
1159 2792 1256 2863 uirique

107 2930 115 2939 ,
204 2881 269 2942 sint,
285 2877 416 2947 sapientis
432 2896 490 2933 sess
509 2879 622 2932 dicetis:
651 2880 737 2933 solnm
754 2891 896 2950 praeterea
908 2880 1069 2950 formosum,
1086 2880 1172 2931 solam
1189 2878 1255 2930 libe-

204 2985 276 3029 rum,
293 2965 380 3018 solnm
398 2966 495 3018 nivem:
521 2966 668 3019 stultorum
686 2968 774 3020 omnia
793 2969 943 3025 contraria,
962 2986 1028 3039 quos
1046 2966 1129 3018 etiarn
1145 2965 1255 3017 insanos

202 3072 258 3106 esse
282 3054 375 3107 vultis.
435 3056 514 3105 Haeo
538 3055 674 3125 παράδοξα
702 3055 759 3112 itti.
791 3075 840 3108 nas
868 3052 1097 3107 admirabilia
1126 3052 1253 3107 dicamas·

203 3141 277 3209 (reid
292 3149 384 3195 autern
401 3137 502 3191 hadent
519 3141 722 3203 admirationis,
747 3161 808 3193 cunr
826 3160 907 3210 prope
925 3137 1087 3197 accesseris?
1117 3138 1254 3208 conferam

203 3235 303 3289 tecum,
330 3244 411 3297 quom
433 3227 530 3298 cuique
555 3226 634 3281 verbo
657 3245 714 3279 rein
729 3226 873 3293 subjicias,
897 3228 975 3281 nulla
992 3227 1045 3281 erit
1065 3224 1254 3279 controversia.

203 3324 230 3367 et
244 3312 328 3367 ilerd.
345 3313 390 3379 lll,
402 3314 453 3379 llil,
473 3317 536 3370 lli.
558 3324 622 3368 sunt
640 3315 710 3369 eniri
728 3313 868 3369 Socratica
883 3314 1014 3383 pleraque
1030 3308 1166 3363 mirabilia
1180 3310 1255 3363 Stai-

204 3419 309 3461 corum,
325 3418 394 3471 qnae
412 3396 549 3470 παράδοξα
566 3402 749 3457 nominantur.
781 3399 840 3453 Mr.

274 3487 432 3554 Paradosa]
450 3486 495 3553 „A
512 3487 610 3547 Stoioia
626 3498 758 3545 rorantur-
773 3486 878 3540 decreta
896 3483 1093 3558 philosophiae,
1113 3501 1182 3556 quse
1198 3482 1254 3536 eius

204 3573 336 3643 imperitis
349 3569 424 3644 rapti
442 3575 520 3634 dilus
537 3575 555 3631 i.
568 3594 591 3629 e.
612 3586 718 3646 praeter
730 3575 896 3645 opinionem,
914 3574 947 3627 ab
960 3590 1055 3629 eorum
1068 3591 1146 3626 sensu
1159 3582 1254 3643 captu·

203 3678 259 3731 que
276 3659 362 3715 alisna
380 3671 449 3717 sunt.
486 3660 540 3731 ,ste
557 3662 585 3716 in
604 3661 712 3717 Arriani
731 3660 895 3719 Commentt.
911 3660 1025 3735 Epictet.
1044 3664 1069 3726 1,
1089 3665 1123 3717 to
1147 3671 1197 3713 est:
1226 3667 1254 3711 rt

202 3735 248 3798 oris
265 3744 433 3813 erinaceis,
451 3752 472 3800 st
491 3754 535 3801 ani
552 3753 578 3800 is
597 3751 733 3818 φιλοσοφίᾳ
752 3746 836 3805 uella*
851 3755 903 3802 τῶν
918 3745 1028 3818 ἀληθῶν
1042 3744 1178 3818 παράδοξα
1191 3754 1253 3809 φαί-

202 3852 274 3884 νεται
291 3845 347 3892 τοῖς
365 3831 492 3904 ἀπείρονες
531 3835 634 3893 Seneca
651 3836 735 3908 Epist.
751 3841 802 3892 81:
832 3841 892 3889 Hoc
910 3836 1011 3907 aliquis
1033 3835 1105 3889 inter
1127 3835 1179 3886 illa
1199 3854 1254 3886 nn-

201 3930 297 3984 mernt,
315 3939 385 3992 qaae
404 3923 524 3995 videntur
542 3924 732 3992 inopinata
749 3924 869 3976 omnibus
887 3924 987 3977 dicere:
1007 3921 1143 3991 παράδοξα
1158 3919 1254 3971 Graeci

201 4011 331 4062 oaeant.“
355 4009 464 4080 wyri.
500 4008 583 4077 Quod
607 4020 696 4064 autem
721 4010 765 4064 ait·
782 4008 941 4063 Plutarchus
964 4007 993 4060 in
1018 4005 1087 4061 lihno
1111 4006 1145 4059 de
1168 4001 1253 4057 Com·

201 4112 297 4148 munn.
312 4095 408 4150 Notttt.
426 4088 487 4151 ad*
500 4094 605 4151 Stoicos
624 4102 698 4167 (arpi
713 4100 767 4149 ruis
787 4099 876 4147 κοινῶν
894 4098 994 4148 levatas
1011 4090 1076 4162 npdc
1094 4088 1155 4147 tois
1167 4090 1254 4138 2²⁰⁶*

199 4179 273 4251 rarle)
292 4183 324 4249 ll,
344 4203 372 4255 p.
390 4186 470 4239 1060.
487 4182 528 4235 A:
545 4179 563 4235 si
581 4181 617 4253 dri
635 4184 772 4256 reperite
791 4188 835 4235 nal
855 4180 931 4235 αὐτοὶ
948 4176 1129 4243 ρετένῖνολίασ
1145 4176 1252 4239 δαψ-

924 4288 968 4357 l.
