3059 4925
643 487 849 537 moomuurt.
1225 462 1274 536 25

224 643 298 699 latini
316 646 411 699 dieunt
428 638 536 712 aliquid
548 640 578 693 in
596 656 737 715 acceptum
755 645 873 718 referre,
898 643 971 699 unde
988 643 1039 699 alia
1058 654 1117 699 orta
1135 653 1173 698 est
1191 644 1276 716 signi·

223 732 311 787 ficatio
327 731 511 804 metaphorica
529 732 613 785 attens·
630 734 738 806 ols'apoid
745 743 886 803 acceptum
896 733 998 804 referre
1016 751 1067 804 pro
1082 731 1162 787 alicui
1178 732 1276 785 dehere

224 822 263 874 rel
280 822 411 876 donatum
428 820 571 894 accepisse.
590 821 737 892 Wytten
745 821 772 874 h.
815 820 880 875 Loci
899 831 988 875 autem
1007 839 1088 891 supra
1108 839 1139 872 er
1155 820 1276 873 verrinis

223 908 323 963 laudati
341 919 404 964 sunt
421 907 522 964 Actlt.
541 907 588 961 lib.
596 907 617 972 I,
635 910 760 972 h‘l,149;
779 907 922 976 tib.tt,tt,
934 911 1002 971 1‘tt;
1021 906 1067 961 lih.
1078 907 1204 973 l,3h,93.
1219 907 1276 960 Mr.

295 1004 357 1054 Non
374 1011 417 1054 est
430 999 526 1065 σπίνω]
545 997 632 1064 „Edd
645 1000 705 1049 Non
722 1000 810 1050 enim
830 1009 883 1050 est
901 998 999 1051 tole.“
1017 997 1180 1052 Graev.-
1197 998 1276 1066 „Vo-

225 1100 283 1135 cem
304 1082 361 1133 tels
385 1082 568 1153 interpositam
586 1084 684 1154 passim
706 1083 805 1139 delerit
820 1084 983 1160 Gulielmius
1000 1104 1016 1138 e
1034 1085 1097 1139 lihri
1113 1084 1274 1138 Mauriciani

223 1169 290 1236 side,
308 1179 437 1241 tanquam
456 1169 622 1237 abundaret,
639 1182 666 1225 et
684 1173 818 1226 venustius
835 1171 1107 1244 subintelligeretur.“
1122 1171 1222 1227 Grut.

294 1268 406 1311 nonest
424 1260 503 1326 enim]
522 1255 699 1314 Grammatici
716 1259 846 1314 addidere
865 1260 938 1326 tols,
964 1259 1037 1332 quod
1062 1277 1118 1312 non
1141 1269 1181 1313 est
1197 1277 1274 1330 opus.

228 1345 334 1398 Face

296 1436 357 1485 Non
375 1443 417 1485 est
434 1435 529 1502 enim,]
561 1433 680 1487 Proham
705 1432 776 1487 hanc
804 1431 948 1487 lectionem
966 1431 1066 1487 hahent
1088 1431 1174 1486 Codd.
1192 1433 1274 1489 Bern.

223 1519 282 1573 Cra.
300 1522 326 1575 i.
345 1519 411 1575 On.
427 1531 454 1574 et
472 1521 612 1587 Vossiani,
643 1520 713 1575 Edd.
727 1521 812 1574 Paris.
830 1540 850 1573 s.
869 1540 894 1574 a.
917 1520 1044 1574 Daveutr.
1064 1524 1144 1576 tato.
1162 1531 1211 1573 vet.
1229 1538 1273 1589 ap.

222 1607 335 1661 Meusel.
354 1606 419 1674 (nisi
437 1607 512 1678 quod
540 1607 645 1664 exhibet
661 1626 714 1660 non
736 1608 807 1659 eninr
824 1610 881 1675 est)
906 1617 933 1661 et
956 1607 1020 1660 inde
1037 1627 1052 1661 a
1071 1606 1152 1661 Grut.
1171 1625 1273 1661 omnes.

222 1693 350 1766 Reliquos
366 1693 449 1750 libros
465 1706 582 1767 oeeupat
602 1712 714 1767 pravum
731 1693 798 1746 illud
817 1694 888 1749 tale.
911 1693 958 1747 sed
982 1712 1040 1747 non
1058 1711 1115 1746 uno
1140 1693 1202 1747 loco
1225 1712 1274 1746 eo·

222 1780 337 1851 demque
346 1781 471 1852 positum,
488 1793 518 1836 ut
535 1782 620 1853 magis
637 1781 718 1835 etiam
736 1781 853 1852 glossam
869 1798 1008 1852 agnoscas.
1045 1779 1093 1835 Sic
1102 1779 1181 1834 Suet.
1192 1781 1272 1835 Drsd.

221 1872 247 1922 4.
266 1873 291 1923 ⁵.
310 1880 338 1922 et
355 1868 427 1922 Gud.
445 1869 477 1922 Β.
495 1868 595 1924 hahent
612 1888 665 1922 non
682 1869 752 1921 σηὶω
770 1867 828 1919 tols
845 1878 903 1935 est,
919 1866 992 1921 Gud.
1002 1866 1034 1921 Β.
1052 1886 1105 1921 non
1122 1867 1191 1920 enim
1208 1868 1273 1931 tole,

222 1955 320 2009 omisso
337 1965 387 2009 est.
424 1955 485 2011 ΜΓ.

298 2052 336 2101 Ut
353 2049 383 2099 in
400 2066 462 2100 erce
478 2049 542 2118 poni
557 2047 672 2118 possit,]
700 2054 750 2114 „ln
768 2068 897 2117 arcem,
923 2048 1053 2122 quinque.
1098 2053 1132 2102 ln
1148 2067 1211 2102 ores
1233 2069 1271 2106 sc.

224 2134 406 2189 Atheniensi.“
426 2135 499 2190 Ald.
516 2136 604 2191 Man.
641 2135 729 2203 „Cod
745 2137 842 2190 Duish.
860 2137 890 2189 in
909 2138 1034 2197 archo,
1051 2135 1146 2193 Crc2.
1163 2139 1273 2204 inerte,

224 2220 295 2275 Gud.
313 2225 339 2277 3.
355 2224 385 2275 in
402 2237 529 2290 arcem,
547 2222 607 2277 cn.
625 2226 652 2278 3.
670 2222 751 2276 Drsd.
770 2226 796 2277 1.
814 2234 846 2275 ut
864 2242 954 2289 ares,
981 2224 1079 2278 omisso
1097 2225 1134 2278 in.
1153 2224 1271 2279 Drsd.3.

223 2309 252 2361 in
269 2327 330 2362 aree
349 2311 486 2378 reponi:
505 2330 561 2365 non
580 2310 668 2378 male,
685 2311 707 2364 si
726 2310 818 2381 plures
835 2321 861 2364 et
885 2310 1011 2365 meliores
1029 2298 1191 2366 addicerent.
1209 2313 1271 2368 Mr.

294 2397 381 2467 Quasi
399 2396 448 2448 itta
458 2399 583 2450 Minerva
594 2399 722 2467 Phidiae]
741 2397 807 2464 ‚illa
817 2399 943 2451 Minerva
955 2399 1025 2466 (sine
1040 2399 1178 2467 Pisidiae),
1195 2418 1273 2455 unus.

223 2486 279 2537 Illa
297 2485 370 2538 abest
387 2485 421 2538 ab
440 2505 504 2540 uno.
551 2486 673 2540 Minerva
690 2487 801 2541 Phidiae
826 2506 856 2538 ex
876 2505 946 2541 aere.
993 2485 1271 2556 Ptin.·tib.xxx1v,

188 2567 193 2574 ¹
225 2593 283 2644 oap.
297 2577 322 2626 8.
340 2591 403 2625 nam
422 2571 502 2627 aliam
520 2593 578 2627 non
596 2575 632 2629 ita
649 2575 788 2629 laudatam
807 2575 908 2628 iecerat
922 2594 953 2627 es
971 2575 1061 2629 ebore.
1099 2574 1203 2629 Plinius
1219 2576 1273 2629 ibi-

224 2662 285 2714 dem
302 2672 330 2715 et
345 2660 392 2713 tib.
408 2661 529 2729 xxxvl,
548 2681 606 2734 cap.
617 2667 644 2718 5.
662 2663 731 2716 Vide
750 2662 821 2716 Plut.
842 2662 871 2715 in
888 2662 1002 2729 Pericle,
1019 2661 1205 2733 Thucydidem
1224 2663 1271 2716 lib.

223 2749 256 2803 ll.
291 2750 450 2803 Pausaniam
467 2759 495 2803 et
512 2747 570 2804 Cic.
588 2750 616 2802 in
634 2750 715 2803 Tuse.
736 2748 847 2817 Quaest.
864 2759 890 2802 et
906 2750 988 2804 Arist.
1002 2749 1036 2802 de
1045 2748 1181 2806 Mundo.“
1198 2748 1271 2804 Ald.

162 2844 166 2853 ’
223 2836 272 2889 Ma
280 2857 307 2895 u.
342 2836 450 2890 Phidiae
465 2836 607 2891 statuarius
625 2838 691 2903 diis,
706 2856 787 2909 quam
806 2836 973 2903 homiuibus,
1003 2836 1150 2891 efficiendis
1175 2837 1273 2891 melior

223 2924 321 2977 artilex·
332 2923 455 2976 traditur.
497 2923 529 2976 ln
546 2925 628 2977 ebore
646 2944 708 2978 vero
726 2924 808 2996 longe
834 2924 900 2977 eitra
923 2923 1074 2990 aemulum,
1100 2923 1138 2976 rel
1161 2925 1183 2977 si
1206 2923 1272 2978 nihil

223 3010 274 3063 nisi
291 3010 439 3064 Minervam
457 3011 567 3065 Athenis
585 3011 801 3085 autOlympium
819 3013 848 3065 in
866 3012 943 3066 Elide
954 3011 1043 3065 lovem
1061 3012 1176 3066 fecisset:
1195 3013 1272 3067 cuius

222 3098 393 3171 pulchritudo
413 3099 538 3154 adiecisse
555 3099 658 3171 aliquid
675 3101 755 3154 etiarn
769 3111 894 3171 receptae
917 3099 1042 3171 religioni
1063 3098 1179 3165 videtur,
1204 3100 1272 3154 adeo

223 3186 342 3240 maiestas
359 3187 448 3258 operis
466 3187 545 3240 deum
564 3189 695 3259 aequavit.
731 3189 820 3242 Autor
837 3200 876 3242 est
893 3187 1077 3255 Quintilianus
1094 3186 1139 3240 lih.
1150 3191 1193 3239 12.
1224 3187 1273 3240 Ci-

222 3293 284 3326 cero
303 3274 332 3326 in
350 3273 420 3327 libro
439 3276 472 3328 de
491 3273 608 3330 Oratore
626 3276 660 3328 ad
678 3275 793 3329 Brutum
810 3285 891 3345 negat
908 3272 1018 3327 Phidiae
1027 3276 1113 3344 signis
1127 3275 1271 3345 quiequam

221 3361 249 3412 in
265 3361 313 3417 illo
326 3381 424 3432 genere
436 3363 517 3416 videri
537 3363 687 3435 perfectius.
723 3363 774 3417 llic
790 3362 908 3433 speeiem
925 3360 965 3414 sui
975 3360 1112 3413 Minervae
1129 3362 1158 3414 in
1176 3360 1272 3433 clypeo

221 3449 342 3517 inclusit,
360 3469 421 3504 cum
441 3451 588 3506 inscribere
604 3472 660 3505 non
679 3451 786 3517 liceret,
805 3461 836 3504 ut
851 3450 888 3504 ait
905 3447 1002 3503 Cicero
1019 3447 1233 3501 Tusculanarum
1244 3453 1270 3510 1,

221 3540 291 3588 Eam
307 3539 393 3610 siquis
411 3539 591 3603 dissolvisset,
610 3538 791 3592 collocationis
809 3538 961 3589 universam
979 3535 1090 3605 speciem
1107 3535 1272 3603 sustulisset,

221 3635 250 3678 ut
268 3624 393 3679 nitidem
411 3625 481 3679 libro
499 3626 532 3679 de
550 3624 667 3680 Oratore
684 3627 718 3679 ad
736 3626 878 3679 Brutum.“
896 3624 970 3677 Fre.
988 3623 1119 3696 Sylr.-
1138 3623 1272 3691 „Prover-

221 3711 289 3763 hiale
308 3711 436 3783 quiddam
454 3711 564 3766 redolet.
599 3713 708 3768 Aristot.
727 3714 761 3766 de
778 3713 884 3769 Mundo
902 3723 929 3767 et
946 3710 1003 3765 Cic.
1020 3711 1116 3765 Tusce.
1137 3713 1161 3764 1.
1189 3712 1222 3766 de
1241 3734 1272 3769 ea

221 3800 348 3853 scribunt.
382 3799 460 3854 lianc
478 3800 628 3854 Minervam
644 3797 749 3867 Ὑγείαν
767 3801 841 3855 Plut.
855 3801 884 3853 in
895 3799 998 3854 Pericle
1017 3799 1200 3871 cognominat.
1218 3801 1272 3855 Ce-

222 3886 358 3940 lebrantur
375 3907 391 3940 a
409 3886 498 3942 Plinio
516 3900 543 3941 et
559 3888 690 3942 Pausania
708 3890 788 3942 etiam
810 3889 877 3942 aliae
894 3888 1047 3955 Minervae,
1076 3907 1143 3959 quas
1165 3887 1272 3942 Phidias

222 3975 299 4040 lecit,
318 3993 381 4044 prae
399 3974 495 4029 ceteris
512 3994 590 4043 vero,
622 3995 691 4047 quae
715 3976 743 4030 in
762 3976 933 4029 Parthenone
960 3975 1061 4046 templo
1087 3976 1172 4047 posita
1194 3975 1271 4028 suit.“

220 4060 312 4130 Xyst.
329 4061 440 4115 Betui.
476 4062 602 4128 „Phidias
619 4061 780 4117 architectus
788 4074 814 4117 et
825 4063 967 4117 statuarius
978 4064 1144 4135 temporibus
1152 4063 1271 4127 Periclis,

222 4148 296 4201 cuius
312 4149 469 4204 auctoritate
487 4148 598 4203 Athenis
616 4151 730 4224 plurima
750 4152 820 4207 lecit.
833 4171 932 4222 opera,
957 4151 986 4206 in
1004 4150 1044 4205 his
1063 4149 1219 4222 palmariam
1236 4150 1272 4201 il·

224 4234 277 4287 tam
295 4220 433 4292 Mineirae
449 4249 582 4308 statuam,
599 4257 668 4309 quae
685 4239 714 4293 in
732 4258 794 4295 aree
814 4237 967 4294 Atheniensi
986 4237 1100 4309 reposita
1118 4246 1164 4290 est
1199 4234 1270 4288 Sen-
