3059 4925
548 498 590 542 sn
623 497 818 576 rantnosos
839 498 874 562 v,
887 494 913 543 r.
1179 475 1252 549 353

202 651 355 708 hominibus
372 651 426 708 diei
445 652 562 707 solitam:
582 654 644 707 inde
664 667 767 727 patrem
786 637 819 709 ειΔ
830 667 942 710 matrem
961 654 1077 708 tamitise
1096 667 1184 727 postea
1204 658 1255 713 hnc

202 741 312 794 nomine
325 741 451 812 famulos
468 741 623 813 appellatos.
658 742 775 795 Romani
791 752 902 801 veteres,
919 753 950 796 ut
966 742 1003 796 ait
1015 741 1169 797 Macrobius
1185 744 1255 800 libro

202 826 384 880 Saturnalium
403 828 507 899 primo,
527 843 627 881 ornnem
645 829 757 881 dominis
775 830 921 895 insidiam,
943 848 1043 882 ornnem
1059 833 1144 883 aereis
1160 844 1255 885 contu-

156 941 163 958 ·
203 913 307 965 nuliam
324 914 510 982 detrahentes,
540 915 674 969 dominum
694 927 802 987 patrem
820 916 964 988 familias,
988 935 1078 969 servas
1098 918 1255 989 familiares

137 1072 143 1078 ι
203 1001 417 1071 appellaverunt.
465 1002 496 1054 ln
524 1021 662 1055 servornm
688 1013 778 1057 autem
796 1003 894 1056 lamilia
913 1003 985 1080 aliud
1003 1002 1117 1056 aliorum
1135 1001 1253 1058 officium

203 1100 255 1155 est,
274 1089 319 1142 sed
338 1089 385 1159 qui
402 1088 555 1156 fideliores,
575 1088 775 1155 honoratiores,
803 1089 929 1145 lautiores
954 1101 1046 1156 erant,
1073 1090 1100 1142 hi
1124 1090 1256 1142 atrienses

203 1175 423 1247 appellabantur,
446 1175 520 1247 quod
545 1176 573 1228 in
599 1176 668 1229 atrio
692 1176 865 1230 dominorum
891 1177 1005 1244 divitias,
1028 1179 1117 1249 signa,
1142 1176 1254 1243 tabulas,

202 1261 331 1333 imagines
349 1262 481 1315 maiorum
501 1262 674 1317 custodirent.
721 1263 960 1331 Quemadmodum
987 1265 1034 1336 qui
1058 1277 1135 1319 erant
1152 1263 1256 1318 viliores

203 1359 229 1401 et
246 1347 402 1402 abiectiores
417 1350 572 1403 mediastini
589 1350 761 1416 dicebantur,
782 1351 865 1423 quod,
892 1351 921 1403 in
939 1351 1029 1405 medio
1047 1363 1152 1418 euntes,
1170 1353 1253 1424 parati

202 1447 288 1489 esseut
306 1436 339 1489 ad
358 1437 481 1490 omnium
498 1437 620 1508 imperia.
669 1435 759 1491 Veluti
785 1438 813 1490 in
832 1437 957 1491 domibus
975 1436 1105 1491 nobilium
1124 1449 1187 1492 sunt
1202 1440 1256 1491 mi·

203 1523 294 1602 nisui,
318 1523 365 1595 qni
384 1523 464 1594 vulgo
481 1524 652 1596 appellantur
676 1525 769 1578 famuli
788 1544 837 1596 per
855 1536 966 1579 cartem.
1007 1524 1149 1579 Nonnullis
1166 1536 1255 1579 autem

181 1651 183 1654 ψ
203 1611 304 1664 civibus
321 1612 439 1663 romanis
457 1622 511 1664 tam
529 1628 644 1681 magnae
662 1630 800 1665 serrorum
818 1612 935 1664 familiae
953 1623 1045 1678 erant,
1069 1623 1099 1665 ut
1116 1610 1154 1663 M.
1175 1610 1255 1664 Cras·
1338 1611 1342 1616 ’

203 1718 258 1765 sus,
284 1709 394 1753 auctore
411 1697 556 1752 Plutarcho
581 1698 608 1749 in
630 1697 686 1752 eius
705 1697 773 1765 rita,
800 1697 833 1750 ad
859 1699 1019 1769 quingentos
1042 1717 1131 1751 servos
1153 1697 1255 1751 fabrilis

203 1785 266 1838 artis
284 1795 311 1838 et
328 1783 520 1839 architecturae
538 1784 637 1856 peritos
655 1784 757 1841 emerit.
776 1812 810 1822 —-
852 1785 897 1837 Ae
914 1794 946 1837 tu
961 1785 1026 1855 pari
1044 1785 1178 1852 stultitia]
1225 1784 1253 1836 st

203 1873 342 1927 emendata
360 1873 439 1927 lectio
456 1884 509 1938 est,
529 1874 658 1926 sententia
677 1883 729 1926 est:
745 1872 790 1947 Tu
812 1891 839 1924 es
857 1871 935 1925 simili
953 1871 1076 1938 stultitia,
1094 1883 1175 1942 atque
1192 1883 1254 1924 sunt

203 1960 270 2022 sersi
288 1960 430 2026 atrienses,
454 1979 522 2032 quos
539 1959 618 2030 signa
634 1959 754 2031 aliaque,
783 1977 852 2029 qnae
869 1958 919 2029 ipsi
945 1960 973 2011 in
999 1960 1067 2012 atria
1093 1958 1253 2024 custodiunt,

203 2047 365 2103 delectant.“

282 2134 410 2206 Xystus
439 2132 634 2188 Betnleius:
682 2131 869 2196 „Atriensinm
902 2153 1006 2187 summa
1044 2145 1100 2187 erat
1137 2134 1254 2188 auctari-

203 2233 257 2285 tss,
290 2221 365 2294 quud
391 2220 494 2276 domini
523 2222 628 2292 negotia
654 2232 843 2292 procurarent,
874 2240 917 2274 res
944 2220 1048 2275 venales
1071 2221 1254 2288 distraherent,

203 2307 291 2362 debita
309 2309 459 2379 erigerent,
486 2320 512 2362 et
536 2310 564 2362 in
590 2309 657 2362 alios
674 2327 762 2361 servos
790 2327 845 2361 non
874 2327 970 2379 parum
994 2309 1059 2361 iuris
1083 2322 1253 2380 usurparent:

204 2395 276 2466 quod
295 2407 324 2448 er
339 2395 425 2449 Plauti
437 2396 557 2449 Asinaria
576 2395 703 2467 cognosci
723 2407 817 2468 potest
853 2395 979 2449 Arbitror
996 2407 1022 2449 et
1039 2395 1163 2450 alimenta
1182 2409 1254 2451 cete·

203 2485 242 2536 ris
257 2483 336 2537 serris
354 2483 470 2537 dividere
487 2485 590 2552 solitos,
614 2496 641 2538 et
660 2483 724 2537 inde
742 2485 776 2537 ab
795 2483 864 2537 atrio
881 2496 981 2536 nomen
1000 2484 1155 2555 sumpsisse.¹
1180 2483 1254 2538 Con·

203 2581 252 2625 stat
267 2571 341 2624 enim
360 2573 388 2624 in
406 2572 474 2625 atria
492 2570 623 2643 sportulas
643 2570 798 2642 cibariaque
816 2569 995 2636 distribuisse,
1024 2570 1096 2625 llaec
1114 2570 1208 2625 Alciat.
1226 2571 1253 2623 in

205 2659 223 2711 l.
242 2660 293 2713 208
312 2658 342 2711 li.
367 2659 401 2712 de
424 2659 578 2712 Verborum
604 2658 693 2731 signif.
754 2657 810 2711 Nos
833 2657 905 2710 enim
932 2658 1044 2712 dicisaus
1069 2658 1253 2728 Hssmeistsr:

201 2744 253 2797 nisi
273 2744 346 2815 quod
377 2744 461 2798 nostri
480 2744 579 2799 liberae
605 2745 768 2801 conditionis
796 2754 865 2799 sunt.
883 2771 918 2785 -·
954 2746 1049 2815 Aeque
1074 2745 1158 2798 servi:
1185 2744 1253 2797 Nam

203 2833 352 2889 Manus
369 2853 479 2905 quoque
496 2834 694 2889 iureconsultus
712 2834 789 2898 dicit,
815 2851 950 2887 serrorum
971 2849 1052 2885 unam
1071 2831 1252 2884 conditionem

204 2941 273 2989 esse,
292 2922 439 2976 liberorum
458 2923 581 2977 multas⁴⁴

275 3010 309 3062 Ι).
335 3009 537 3064 Lambinus:
576 3010 664 3065 Locus
691 3020 730 3063 est
752 3007 899 3061 admodum
930 3015 1088 3077 corruptus,
1118 3003 1198 3057 etiam
1225 3004 1252 3056 in

204 3097 399 3169 exemplaribus
415 3097 546 3169 antiquis,
576 3114 693 3168 quorum
718 3095 769 3149 alia
789 3094 902 3149 habent:
927 3093 1072 3163 atrienses,
1103 3100 1169 3145 actu
1192 3092 1254 3159 pari

204 3185 342 3237 stultitiae
360 3203 444 3245 καις
470 3184 534 3238 alia:
565 3185 642 3236 artui
665 3184 730 3252 pari
753 3182 833 3234 stult.
852 3191 918 3244 ete.;
943 3178 1008 3234 alis:
1037 3177 1168 3229 atrienses
1192 3187 1254 3228 acto

200 3272 265 3341 pari
284 3283 349 3336 etur
377 3273 479 3344 quibus,
497 3271 638 3344 scripturis
659 3281 721 3324 tam*
742 3269 912 3324 dissimilibus
937 3268 1007 3321 inter
1031 3283 1059 3319 se
1084 3263 1193 3334 quidam
1217 3265 1253 3318 ita

205 3359 305 3413 mederi
325 3363 414 3414 conati
431 3370 508 3427 sunt,
535 3370 564 3413 ut
581 3357 759 3419 existimarent
784 3356 881 3428 partim
905 3352 1049 3425 legendum
1073 3351 1204 3404 atrienses
1221 3368 1255 3401 ac

205 3446 328 3515 topiarii.-
348 3447 458 3518 partim:
475 3448 607 3499 atrienses
623 3446 744 3498 aetearii
755 3456 815 3510 etc..
833 3444 879 3498 sed
892 3444 999 3497 trustra.
1036 3434 1158 3493 Omnino
1170 3456 1269 3509 quae·.

205 3535 266 3587 darn
278 3534 367 3588 deesse
385 3534 528 3588 videntur·
550 3534 681 3587 Putabam
699 3533 770 3587 hanc
786 3552 842 3601 esse
858 3530 1015 3591 sententiam
1025 3524 1164 3581 Ciceronis
1180 3542 1255 3577 cam-

206 3641 259 3693 que
273 3621 313 3675 bis
331 3621 417 3675 verbis
435 3621 545 3692 exprimi
564 3639 653 3692 posse:
672 3621 767 3692 Atque
784 3630 817 3672 ut
833 3622 862 3672 in
880 3637 980 3691 magna
992 3616 1107 3689 familia
1117 3624 1186 3667 sunt
1205 3612 1255 3665 alii

204 3708 370 3762 honestiores
387 3726 421 3761 ac
438 3708 587 3772 lautiores,
604 3718 644 3770 ut,
655 3706 707 3761 sibi
725 3707 865 3773 videntur,
882 3707 952 3759 servi
960 3724 971 3766 ,-
995 3704 1050 3755 sear
1069 3712 1159 3754 tarsen
1176 3702 1254 3764 ssrvt',

206 3804 239 3847 ut
256 3792 404 3848 atrienses.-
425 3795 465 3848 sie
482 3795 565 3848 stulti
582 3814 678 3861 amnes,
697 3805 729 3847 sst
747 3805 789 3859 tu,
805 3811 885 3865 pares
902 3795 975 3844 inter
991 3808 1020 3843 se
1037 3787 1161 3842 stultitia
1171 3796 1252 3839 sunt:

205 3882 254 3934 ssd
270 3892 360 3935 tarsen
376 3882 508 3953 insignior
524 3900 614 3936 sorum
631 3883 754 3936 &sintin
772 3892 830 3948 est,
849 3899 915 3954 quos
931 3880 1010 3950 signa
1029 3888 1078 3932 etc.
1114 3874 1208 3944 Quid?
1231 3874 1253 3927 si

205 3967 257 4022 hoc
272 3968 358 4022 mode
374 3967 507 4040 legamusr
532 3971 627 4042 Atque
645 3980 677 4022 ut
694 3970 723 4022 in
740 3987 841 4038 magna
859 3967 975 4040 familia
1001 3976 1066 4019 sunt
1084 3965 1134 4016 alii
1150 3962 1254 4015 lautio-

206 4074 257 4118 res,
274 4065 306 4107 tet
320 4055 522 4121 sidieidentur,
539 4058 626 4109 aerei:
645 4056 694 4110 ssd
711 4066 801 4109 tarsen
811 4056 890 4121 servi,
908 4065 940 4108 ut
952 4054 1059 4119 medici,
1077 4057 1252 4120 anagnostae,

206 4143 351 4195 atrienses:
371 4143 420 4194 alii
437 4144 566 4216 inferiore
583 4146 653 4209 laco,
672 4155 704 4197 ut
722 4142 890 4196 mediastini:
909 4143 952 4194 ita
965 4138 1124 4210 ⁴copiosiores
1140 4133 1182 4186 itti
1192 4133 1252 4204 qui-

207 4230 262 4281 dem
281 4240 308 4281 et
327 4228 552 4297 abundantiores,
571 4233 619 4286 sed
633 4221 697 4303 p'ari
715 4232 936 4288 stultitiarum,
956 4245 1022 4299 qnos
1040 4225 1109 4278 ‘W‘

978 4314 1026 4386 23
