3059 4925
294 447 365 524 124
616 474 787 520 ernanum
816 473 1010 522 srorconun.

359 634 410 684 Est
430 634 522 684 mortus·
541 631 568 684 in
587 629 679 694 rebus,
697 640 762 684 surrt
782 632 848 684 certi
868 632 979 702 denique
992 632 1083 699 fines,

359 721 432 788 Quos
451 717 527 770 ultra
545 719 667 789 citroque
685 719 778 789 nequit
798 721 939 774 consistere
959 730 1066 772 rectene
1088 717 1158 770 Ald.
1180 716 1263 769 blan.

287 807 452 872 „Trnnsilire
470 803 537 860 cut.
556 807 682 880 Yenstus.
722 806 818 858 lineas
838 803 934 859 autem
946 806 1022 870 dicit,
1050 806 1146 876 quibus
1166 804 1192 855 in
1212 803 1337 856 certami-

289 894 367 946 nibus
385 893 526 946 celeritatis
546 894 628 963 spatia
648 891 825 946 definirentur
843 899 896 944 τῶν
914 889 1040 958 «tataros,
1066 906 1094 945 ut
1120 894 1146 943 in
1167 889 1282 960 Epistola
1302 889 1334 940 ad

286 982 414 1036 Luceium
435 979 479 1046 [ad
498 981 599 1034 Famm.
619 982 651 1047 V,
672 982 726 1048 te]
750 983 827 1034 Fines
847 982 964 1034 transire
983 981 1166 1034 verecundiae.
1192 978 1265 1030 {lecti
1286 977 1335 1045 'rgi-

287 1079 330 1122 tur
349 1078 374 1120 st
393 1065 495 1120 bonesti
515 1066 612 1124 lineam
634 1067 680 1140 qui
700 1068 819 1133 transiit,
839 1068 960 1138 quamvis
978 1087 1072 1138 parum
1093 1066 1172 1135 longe
1193 1082 1335 1133 procurre-

287 1156 333 1219 rit,
354 1174 409 1210 non
430 1166 517 1210 tamen
536 1156 655 1226 peccavit
670 1175 763 1222 scens,
796 1176 877 1226 qnam
902 1158 930 1210 in
950 1155 1001 1210 boc
1019 1156 1105 1223 spatio
1130 1152 1336 1214 strenuissimus,

287 1253 317 1294 ut
337 1239 420 1298 Stoici
438 1242 535 1300 docere
554 1242 723 1300 voluerunt.“
742 1240 915 1296 Comerar.

361 1331 507 1382 Trnrrsr'lire
536 1329 651 1394 tineam]
679 1326 755 1391 „Cur
778 1328 858 1397 igitur
885 1326 995 1378 morab
1022 1326 1146 1380 omnibus
1169 1325 1337 1378 subnectitur

289 1436 348 1468 cum
366 1416 447 1466 semel
463 1415 678 1478 transieris,
695 1424 721 1466 et
739 1432 795 1466 non
815 1412 1007 1466 transilueris?
1043 1413 1124 1484 Atqui
1154 1422 1180 1464 et
1201 1411 1337 1464 Victorius

288 1515 312 1556 et
332 1503 421 1554 luntas
439 1513 465 1556 et
483 1500 600 1570 bangius
618 1511 644 1558 et
663 1500 837 1554 membranae
857 1500 971 1556 retinent
990 1503 1115 1551 transire.
1159 1497 1190 1552 Et
1217 1508 1289 1550 certe
1308 1498 1335 1548 id

287 1602 325 1644 est
346 1591 441 1660 ipsum
458 1587 593 1644 Graecum
623 1592 793 1658 παραβαίνειν
819 1586 847 1640 in
878 1586 954 1651 sitio,
982 1586 1016 1640 de
1050 1605 1105 1656 quo
1136 1603 1209 1638 nunc
1237 1584 1335 1653 agitur,

286 1676 374 1730 Etiam
393 1696 448 1734 non
468 1675 565 1732 dieitur
584 1683 664 1745 qnam
683 1674 760 1744 longe
777 1691 922 1741 procurros
940 1673 1142 1741 emptoribus,
1162 1672 1208 1726 sed
1221 1690 1333 1741 praga.

288 1765 387 1817 diere,“
405 1762 553 1820 Gronov.
588 1762 732 1828 ,tuream
758 1761 821 1815 dicit
850 1757 897 1829 τήν
930 1761 1075 1829 matema,
1101 1778 1181 1829 quam
1211 1758 1335 1812 Horatius

288 1851 316 1918 [Ι.
336 1853 371 1918 c.]
391 1852 496 1906 modurn
513 1860 538 1902 et
551 1850 636 1917 finem
654 1847 800 1919 appellat.“
821 1848 911 1917 Xyrt.
931 1847 1121 1902 Betuleius.

361 1939 520 2004 Transilr‘re}
562 1937 623 2002 „At
656 1936 791 1992 Graecum
820 1935 1004 2004 proverbium:
1038 1930 1106 2003 eisin,
1130 1929 1162 1984 ui
1190 1940 1333 2000 coiranno

287 2028 387 2094 πηδᾶν,
403 2026 513 2077 verbum
533 2023 583 2075 hnc
602 2023 696 2074 reterri
717 2032 810 2092 potest.
848 2021 900 2072 Alii
920 2021 1012 2092 legunt
1031 2024 1147 2073 transire
1171 2022 1255 2073 linens
1274 2023 1290 2076 i.
1310 2043 1332 2074 e.

288 2125 397 2166 metam:
421 2111 469 2163 nisi
489 2109 556 2162 tone
575 2109 608 2161 ad
628 2109 790 2179 geometrica
817 2107 1008 2178 diagrammata
1035 2108 1155 2162 alludit.“
1179 2108 1209 2160 ll.
1228 2108 1333 2159 Wott.

287 2200 456 2266 „'t'rnnsitire
474 2195 560 2248 lineas
579 2208 635 2249 erat
653 2214 794 2249 cursorum
814 2195 841 2246 in
860 2195 952 2248 stadio.
1000 2195 1076 2247 Duae
1104 2206 1180 2247 erant
1204 2195 1231 2245 in
1249 2193 1333 2245 stadio

288 2287 380 2338 lineae.
415 2284 505 2339 Altera
525 2294 581 2336 erat
601 2284 627 2335 in
649 2283 760 2352 longum
781 2294 870 2335 cavata
888 2283 915 2334 in
935 2282 1025 2334 limine
1043 2281 1132 2345 stadii,
1152 2284 1192 2334 cui
1213 2301 1333 2334 cursores

287 2373 453 2438 insistebant,
473 2381 501 2424 ut
519 2392 548 2424 er
567 2390 653 2441 aequo
671 2370 752 2423 limite
773 2371 1007 2441 progrederemur.
1043 2369 1129 2440 siqui
1149 2369 1215 2421 ultra
1235 2369 1331 2421 lineam

287 2460 382 2515 vellent
405 2460 509 2531 evagari
535 2472 560 2512 et
579 2459 689 2514 limitem
711 2459 879 2533 praecipere,
910 2478 973 2511 voce
994 2457 1133 2528 [rraeconis
1152 2457 1269 2508 revocari
1289 2478 1332 2508 so-

286 2551 390 2605 lebant:
415 2544 522 2614 βαλβίδ”’
539 2545 650 2610 ἀπόδος,
671 2553 716 2606 θὶς
735 2543 805 2599 ubete
822 2542 894 2615 nupti
911 2548 1040 2611 βαλβίδαε
1070 2548 1166 2597 lineum
1185 2547 1276 2599 redde,
1297 2546 1334 2593 ort

287 2640 384 2689 lineam
398 2638 492 2706 pedem
508 2655 585 2709 pone.
622 2634 685 2688 lnde
705 2634 764 2688 illae
784 2634 855 2706 apud
873 2635 1069 2687 Tertullianum
1090 2635 1199 2685 crebrae
1219 2631 1333 2684 locutio·

288 2745 348 2787 nes,
368 2724 453 2773 lineae
471 2724 607 2786 insistere,
625 2725 665 2772 nd
680 2724 776 2774 lineam
797 2724 936 2787 dimicare,
950 2723 1025 2772 intra
1043 2721 1127 2771 lineos
1145 2721 1260 2788 gradum
1278 2720 1337 2769 col-'

287 2813 382 2882 ligere,
402 2821 427 2862 et
444 2809 549 2862 similes.
586 2811 649 2862 Erat
668 2820 693 2864 et
713 2811 762 2862 alia
784 2810 851 2862 linea
872 2814 898 2863 in
919 2811 971 2861 fine
990 2807 1080 2872 stadii,
1107 2827 1175 2878 quae
1194 2806 1332 2858 dicebatur

287 2899 377 2952 ultima
397 2899 534 2964 tinea,at
561 2919 641 2968 quam
661 2891 944 2951 cursus‘tinietarur.“
963 2895 1165 2950 Salmasius.
1214 2894 1330 2945 Primam
1368 2932 1370 2936 μ

286 2988 329 3039 bic
347 2988 453 3058 respicit
473 2985 583 3052 Cicero,
604 3006 684 3058 quarn
706 2987 751 3056 qui
773 2979 934 3039 transiliebat
952 2985 1128 3054 antesignutn
1150 2985 1251 3048 datum,
1270 3004 1332 3053 pec—
1411 3046 1413 3049 ι

287 3076 390 3127 cabat.“
410 3073 585 3126 Graevius
624 3076 697 3139 „Nos
716 3075 767 3128 boc
786 3085 973 3146 argumentum
994 3072 1088 3125 melius
1107 3071 1294 3140 intelligemus,
1312 3072 1331 3121 si

287 3172 421 3213 certamen
433 3160 465 3213 ad
484 3181 593 3231 scopum
607 3162 799 3214 collimantium
819 3162 940 3229 [meliust
959 3159 1171 3226 collineantium]
1190 3169 1251 3211 ante
1266 3179 1332 3209 oeu-

285 3249 325 3301 los
344 3246 522 3303 statuerlmus.
556 3248 612 3316 Qui
632 3268 743 3320 scopum
763 3252 802 3302 rel
822 3251 912 3302 leviter
930 3250 1030 3320 attigit,
1051 3260 1135 3302 tenet:
1155 3247 1199 3316 qui
1220 3265 1280 3296 sero
1293 3245 1330 3296 rel

285 3337 416 3390 tantillum
443 3355 457 3387 a
483 3355 564 3405 scopo
589 3338 733 3403 aberravit,
761 3346 816 3390 tam
842 3338 951 3391 excutit,
975 3354 1055 3406 quam
1084 3335 1130 3405 qui
1156 3334 1331 3403 longissime‘*

286 3423 308 3473 X
315 3435 374 3492 yst.
395 3423 501 3474 Betui.
540 3424 686 3474 transilire
705 3425 790 3475 lineos
808 3423 872 3475 dicit
890 3424 1061 3475 similitudine
1083 3424 1162 3475 (lucta
1180 3443 1194 3473 a
1214 3421 1331 3473 cursori·

286 3512 335 3562 bus
354 3510 379 3560 in
398 3509 491 3574 stadio,
510 3510 558 3580 qui
575 3510 652 3563 intra⁴
664 3512 745 3564 lineas
764 3531 872 3564 currere
883 3512 1023 3577 debebant,
1045 3525 1071 3564 ut
1092 3511 1140 3563 rite
1156 3513 1333 3562 certaretur,“

285 3598 383 3650 Face.
427 3595 494 3660 „Est
516 3616 643 3667 graecum
673 3601 849 3655 proverbium
876 3598 938 3669 ὑπὲρ
965 3597 999 3650 ru*
1024 3605 1168 3661 iosuupe'm
1196 3591 1331 3657 litentur,

286 3702 366 3753 super
385 3704 404 3735 s.
418 3685 484 3738 ultra
501 3686 598 3739 sussum
614 3687 707 3739 salire:
723 3709 787 3740 nam
801 3691 827 3740 in
839 3689 1007 3741 Graecorum
1021 3688 1086 3741 salte
1101 3690 1171 3740 sacta
1184 3676 1240 3739 eral
1255 3688 1331 3764 lns'sa⁹

286 3784 363 3823 erant
378 3777 521 3832 ἐσκαμμένα
542 3774 558 3822 i.
577 3791 599 3826 e.
619 3773 688 3825 linea
707 3776 837 3827 fodiendo
861 3777 956 3839 dueta,
982 3776 1050 3829 ultra
1076 3796 1156 3847 quam
1175 3776 1253 3827 salire
1276 3795 1332 3826 uun

286 3859 409 3911 licebat.“
429 3859 527 3927 Wptt.
565 3860 646 3911 Vides
664 3862 806 3933 plerosque
827 3864 936 3916 verbum
956 3865 1108 3925 transilire,
1128 3865 1202 3933 quael
1219 3863 1252 3915 sit
1271 3863 1333 3931 plu*

285 3949 415 3998 rimorum
425 3947 586 4014 optimorum
599 3949 728 4002 librorum
739 3953 826 4019 lectio,
837 3954 1020 4022 explicandum
1035 3953 1083 4004 sibi
1091 3953 1223 4003 sumsisse.
1238 3953 1333 4025 Neque

286 4045 356 4087 certe
370 4033 506 4084 transilire
523 4037 684 4090 aCiceronis
701 4059 748 4090 usu
768 4039 884 4092 alienum
904 4051 949 4092 est.
985 4040 1031 4093 Sic
1042 4041 1074 4091 ‹le
1091 4039 1141 4090 Or.
1157 4038 1332 4107 ttt‚tu,tttt:

286 4122 422 4175 transilire
442 4133 504 4173 oute
522 4125 600 4190 perles
618 4128 726 4192 positu,
747 4127 779 4177 tle
800 4127 876 4178 Fiun.
897 4128 942 4193 lV,
963 4131 1004 4189 ll,
1024 4130 1072 4181 39:
1097 4147 1156 4181 cum
1179 4140 1269 4179 autern
1296 4135 1333 4177 nrt

287 4230 415 4261 sunnnurn
437 4209 530 4261 bonurn
551 4211 641 4263 nolunt
656 4214 807 4281 perrenire,
834 4215 994 4269 transiliunt
1022 4218 1117 4265 onmia.
1160 4216 1261 4268 Laudat
1284 4214 1332 4267 bos
