3059 4925
290 461 381 535 152Ι
616 484 788 532 rtntnoxr
815 483 1008 533 marcorum
1080 529 1085 540 χ

288 666 337 701 noe
354 646 466 701 eandem
485 644 537 696 rim
554 644 652 698 babere
670 643 763 711 debet,
792 663 824 698 ae
843 645 862 697 si
881 645 940 717 lege
959 656 1071 699 naturae
1094 663 1127 699 ac
1145 643 1232 696 divina
1251 643 1334 694 inter-

288 736 389 791 dictum
407 735 501 786 esset.“
520 731 696 801 Wyttenb.

357 821 483 873 Etiamne
499 820 528 871 in
546 817 660 870 minimis
678 818 777 871 retus?
795 818 888 871 Etiam
895 820 915 887 .·]
934 818 1176 881 praenomen
1194 832 1334 887 perperam

288 912 357 964 lecto
373 905 543 978 compendio,
563 916 600 958 est
617 915 677 957 etna
695 905 723 958 in
742 904 810 959 Cod.
830 904 881 960 Os.
892 904 924 960 E.
942 916 967 960 et
985 903 1044 958 (ira.
1055 909 1080 958 2.
1117 906 1147 957 ln
1167 902 1279 955 Drsdh.
1296 901 1334 954 le·

287 997 360 1068 gitur
376 991 459 1046 etim
475 993 595 1045 dicent
615 993 780 1063 atiqui'ne
798 994 827 1045 in
845 995 907 1046 min.
926 992 1026 1046 rebus?
1059 989 1153 1047 Glossd
1171 990 1199 1045 in
1218 990 1334 1044 mediam

288 1102 380 1140 rocem
405 1078 519 1152 recepti.
566 1079 621 1132 Pro
637 1081 753 1132 etiamne
781 1079 862 1134 refert
892 1079 943 1134 Or.
967 1081 996 1133 in
1020 1079 1089 1135 Edd.
1112 1082 1184 1133 Crat,
1200 1076 1292 1148 Magn.
1310 1085 1336 1127 et

271 1171 362 1229 sMan.
380 1189 435 1224 erse
453 1169 563 1220 Etiam.-
583 1165 655 1238 quod
675 1166 709 1219 de
726 1165 904 1220 Cratandrina
923 1178 995 1221 certe
1014 1186 1106 1220 rerum
1125 1175 1237 1219 nonest.
1274 1162 1335 1214 Una

288 1268 390 1311 tanturn
410 1276 439 1309 ex
458 1256 567 1319 nostris,
585 1254 681 1308 Aldina
693 1257 781 1318 1552„
800 1274 855 1309 non
874 1256 953 1309 babet
972 1253 1129 1326 particulam
1149 1252 1277 1306 adnexam
1294 1268 1334 1305 ne.

288 1344 370 1413 Quod
389 1354 477 1398 autem
495 1342 565 1396 idern
584 1342 674 1405 refert,
691 1342 778 1396 omitti
795 1345 878 1398 etiem
897 1354 956 1415 post
975 1341 1053 1394 rebus
1070 1338 1175 1394 inEdd.
1188 1357 1244 1407 prc.
1255 1341 1335 1418 tata

287 1433 337 1487 Ed.
356 1452 399 1505 ap.
418 1431 504 1484 Meua.
522 1433 595 1485 Crat.
612 1440 640 1484 et
657 1429 766 1500 Magn,
784 1432 811 1483 id
830 1433 908 1486 etiam
928 1430 1028 1485 iactum
1047 1440 1086 1482 est
1104 1429 1132 1481 in
1151 1426 1249 1480 nostris
1257 1424 1336 1478 ttdtb.

288 1542 309 1579 a.
332 1522 431 1576 beta.
452 1521 716 1574 venedociam
745 1519 812 1573 Dar.
838 1521 902 1591 Arg.
926 1519 987 1572 Par.
1011 1522 1091 1573 taor.
1109 1516 1188 1572 1512„
1207 1513 1292 1586 bugd.
1309 1523 1335 1565 et

288 1608 349 1662 ΑΜ.
365 1612 444 1663 tort.
464 1627 525 1661 cum
545 1606 641 1677 quibus
660 1606 761 1660 tactum
780 1605 865 1660 Codd.
884 1607 949 1661 On.
969 1606 1000 1660 E.
1019 1626 1044 1675 η.
1070 1604 1149 1658 Drsd.
1167 1606 1193 1657 t.
1208 1606 1234 1658 3.
1279 1603 1336 1653 Vo-

287 1713 346 1749 cem
365 1694 443 1748 reduc
461 1694 559 1747 omittit
575 1692 625 1746 Or.
647 1711 676 1754 ψ.
711 1691 769 1744 Mr.

358 1783 451 1850 etiam]
473 1781 539 1847 „Est
556 1781 741 1853 respondentis
757 1779 905 1834 Ciceronis.
932 1781 1069 1833 Proxima:
1088 1780 1225 1852 Siquidem
1241 1808 1277 1818 -
1294 1788 1334 1828 te-

287 1887 519 1936 amputaremus,
538 1868 676 1924 continent
694 1867 843 1935 rationem,
871 1869 946 1939 quasi
965 1869 1083 1922 dicatur:
1110 1886 1172 1920 nam
1199 1866 1332 1921 actionum

286 1966 437 2009 nostrarum
456 1957 659 2027 consequentias
675 1955 729 2007 suis
747 1955 867 2008 terminis
885 1955 1103 2007 circumscribere
1116 1972 1172 2006 non
1188 1971 1334 2036 possumus,

287 2053 314 2095 at
330 2041 482 2094 animorum
503 2052 654 2093 nostrorum
674 2039 846 2110 cupiditatem
875 2040 927 2093 suis
952 2041 1072 2094 terminis
1096 2047 1219 2096 coiircere
1241 2059 1334 2112 possu-

288 2150 355 2182 mus.
393 2129 422 2181 in
443 2128 546 2181 ratione
569 2138 657 2179 autem
675 2128 849 2198 grammatica
871 2129 1050 2182 observandus
1076 2139 1114 2183 eat
1139 2129 1255 2199 primum
1280 2125 1334 2179 eie-

288 2235 353 2287 gana
372 2234 434 2268 usus
450 2213 615 2285 repetitionis
632 2215 659 2266 in
690 2213 800 2267 nomine
828 2216 934 2272 arodus,
959 2217 1031 2288 quod
1061 2217 1151 2287 priore
1176 2215 1239 2270 loco
1263 2226 1336 2268 notat

288 2301 447 2367 terminum,
476 2302 550 2373 quasi
576 2320 719 2353 numerum
747 2301 799 2353 sire
824 2322 991 2356 mensuram:
1019 2304 1165 2375 posteriore
1191 2313 1279 2355 autern
1298 2314 1336 2356 est

290 2391 425 2462 regimen,
444 2390 619 2462 gubernatio:
642 2401 680 2443 est
699 2389 770 2443 enirn
785 2411 805 2450 a
824 2390 930 2444 Graeco
946 2394 1030 2457 pido,
1060 2390 1131 2444 unde
1147 2392 1256 2454 modus,
1273 2389 1335 2443 binc

288 2479 418 2538 moderor,
438 2479 579 2534 modestus.
627 2478 717 2532 Altera
736 2479 866 2551 elegantia
884 2492 921 2534 est
940 2480 968 2533 in
986 2480 1143 2552 repetitione
1161 2479 1233 2532 verbi
1251 2478 1336 2532 finalis

286 2572 454 2635 possunme.“
489 2568 666 2637 Wyttenb.

359 2673 447 2705 rerum
465 2655 569 2705 modum
583 2655 610 2722 f
611 2655 703 2724 igere
721 2674 773 2706 non
788 2656 956 2723 pereamust]
974 2657 1105 2726 „Fingere
1121 2674 1215 2708 omnes
1227 2655 1334 2726 quidem

289 2741 386 2794 habent
403 2739 478 2792 iibri:
496 2740 541 2792 sed
561 2738 641 2792 rideri
661 2741 741 2811 possit
759 2741 902 2811 legendum
917 2743 1019 2813 figere.
1046 2741 1092 2795 Sic
1109 2742 1200 2796 Horat.
1220 2741 1334 2797 Odatt.

288 2827 334 2880 iib.
358 2825 403 2880 ΙΙΙ.
430 2827 493 2895 [2.]:
528 2828 644 2879 Tandem
668 2828 807 2899 nequitiae
823 2830 908 2900 fige
934 2830 1039 2882 modurn
1067 2837 1158 2884 tuae.“
1181 2831 1334 2885 Lambin.

288 2915 416 2979 „Modum
427 2914 516 2985 figere
533 2915 550 2967 i.
567 2935 590 2968 e,
609 2935 671 2969 cum
689 2915 742 2970 labi
758 2918 838 2970 semei
858 2919 979 2988 coeperis
995 2929 1041 2972 aut
1059 2937 1153 2986 ruere,
1173 2919 1280 2973 difficile
1296 2920 1336 2972 'est

289 3002 431 3057 consistere
450 3013 476 3055 et
493 3001 614 3056 inhibere
632 3005 759 3075 gradum,
788 3026 838 3059 nec
854 3006 961 3077 longius
983 3007 1117 3079 progredi,
1163 3006 1215 3060 Atii
1229 3008 1336 3079 fingere

289 3093 408 3161 legunt.“
427 3091 458 3145 tt.
477 3090 581 3145 Wolf.

352 3180 452 3251 figere]
490 3178 548 3246 „lta
567 3179 726 3251 legendum
746 3199 809 3247 non,
830 3191 859 3234 ut
876 3182 957 3252 vulgo
975 3182 1081 3252 iegitur,
1093 3183 1210 3253 fingere.
1240 3182 1335 3252 Figere

259 3326 264 3332 ,
288 3279 377 3322 autern
396 3288 450 3325 non
466 3286 604 3341 possumus
622 3287 713 3322 rerum
733 3269 853 3333 modurn,
874 3270 946 3341 quia,
965 3281 994 3323 ut
1012 3269 1108 3323 Cicero
1122 3269 1214 3323 scribit
1226 3269 1253 3321 in
1264 3269 1336 3323 Aca-

286 3354 359 3408 dem.
375 3360 400 3408 4.
418 3375 475 3427 cap.
494 3360 536 3410 29.
555 3367 658 3407 natura
675 3356 779 3407 nullam
798 3358 870 3407 dedit
889 3355 964 3408 nodie
982 3358 1157 3427 cognitionem
1170 3356 1281 3424 finium,
1301 3365 1334 3406 ut

288 3444 347 3494 ulla
360 3445 389 3493 irs
408 3463 436 3494 re
455 3453 576 3494 statuere
591 3450 738 3512 parcimus,
758 3455 902 3514 quatenus.
948 3444 984 3496 Er
1003 3443 1055 3497 boc
1078 3443 1136 3515 ipso
1155 3444 1230 3497 Zeno
1258 3440 1334 3496 colii-

289 3532 383 3600 gebat‚
402 3541 509 3600 peccata
528 3549 583 3584 eese
602 3530 737 3602 aequalia,
767 3543 796 3585 ut
814 3532 906 3586 scribit
925 3532 1018 3585 Sextus
1036 3531 1188 3602 Empiricus
1212 3531 1335 3584 adversus

288 3616 441 3671 Mathemat.
459 3635 518 3689 rap.
538 3621 599 3674 235⁴
636 3620 658 3671 F
665 3638 736 3673 acc.

359 3723 446 3756 rerum
462 3707 566 3758 niodum
578 3708 710 3777 figere]
748 3710 829 3775 „Non
847 3710 950 3779 inepte;
977 3707 1151 3780 responderet
1174 3707 1246 3759 enim
1266 3706 1334 3758 bene

289 3791 385 3855 verbo,
404 3794 476 3862 quod
495 3793 631 3863 sequitur,
649 3803 762 3850 tenere.“
780 3796 922 3849 Wetael.
965 3794 1080 3862 „Cicero
1104 3792 1237 3864 scripsisse
1263 3792 1335 3845 vide-

288 3890 332 3932 ¹¹¹f
350 3877 454 3947 flgm,
485 3879 502 3930 i·
522 3898 545 3932 e.
571 3900 687 3950 poneres
714 3884 786 3936 unde
814 3884 920 3936 termini
945 3902 977 3937 ac
1003 3883 1100 3936 limites
1124 3882 1251 3935 dicuntur
1269 3880 1334 3947 fixi.

287 3966 334 4018 Est
358 3965 424 4018 baec
447 3966 598 4021 emendatio
623 3970 776 4023 Lambini.“
800 3973 979 4041 Wyttenb.
1030 3969 1140 4040 Recepit
1161 3968 1250 4037 figere
1276 3978 1337 4037 post

288 4051 468 4107 Facciolatum
487 4053 565 4107 etiam
585 4056 735 4123 Subiiteius3
754 4058 929 4112 Gernbardus
948 4071 973 4113 et
984 4059 1036 4114 Or.
1046 4077 1102 4112 non
1120 4057 1197 4110 item:
1217 4074 1334 4128 quorum

288 4141 363 4209 prior
379 4152 450 4195 recte
469 4141 591 4212 explicat:
610 4164 701 4199 rerum
721 4164 822 4210 causas,
841 4165 936 4199 nexum
956 4159 983 4201 et
1001 4159 1123 4203 eventum
1143 4144 1334 4215 prmibere,

288 4246 382 4299 regere
400 4241 437 4296 et,
458 4249 512 4301 qao
532 4231 618 4286 minue
636 4251 679 4285 res
697 4234 838 4299 minimae,
858 4235 936 4286 nobis
953 4235 1055 4300 invitis,
1081 4251 1195 4305 magnae
1214 4231 1333 4294 eradunt,
