3059 4925
200 1383 203 1390 Ι
429 1259 483 1340 Μ.
511 1260 696 1335 roem
722 1177 1008 1339 orooroirrs

110 1453 551 1577 *PAR
622 1447 1272 1587 ADOXA¹

401 1699 1048 1810 STOIOORUM

698 1958 740 2002 An

519 2137 524 2152 ²
557 2118 611 2191 Μ.
637 2117 872 2190 BRUTUM.

635 2314 799 2323 -ψ--η-ο-

532 2450 907 2508 PROOEMIUM.

194 2588 456 2721 Animadverti,
481 2643 590 2720 Brute,
616 2661 715 2724 saepe
730 2641 901 2718 Catonem,
928 2645 1125 2708 avunculum
1141 2649 1242 2722 tuum,

194 2798 269 2845 oum
301 2781 336 2843 in
368 2786 485 2845 senatu
516 2781 710 2845 sententiam
745 2779 887 2856 diceret,
923 2783 1015 2846 locos
1050 2800 1167 2862 graves
1200 2802 1242 2848 ex

65 2908 72 2917 ’
186 2917 403 3000 philosophia
435 2924 591 2993 tractare,
624 2914 840 2979 abhorrentes
873 2915 915 2978 ab
942 2917 1006 2979 hoo
1031 2932 1093 2979 usu
1119 2916 1243 2979 forensi

194 3056 227 3116 et
248 3053 397 3134 pubiioo3
423 3054 482 3118 sed
507 3053 646 3118 dicendo
673 3051 831 3131 consequi
857 3055 976 3128 tamen,
1003 3057 1038 3114 ut
1062 3051 1119 3113 ilia
1145 3051 1243 3115 etiam

193 3190 319 3269 populo
338 3189 523 3271 probabilia
542 3189 739 3253 viderentur.
793 3187 892 3264 Quod
914 3205 955 3250 eo
980 3189 1087 3269 majus
1114 3191 1162 3249 est
1188 3188 1243 3264 illi,

194 3340 293 3403 quam
327 3329 383 3387 aut
410 3326 487 3401 tibi,
522 3329 579 3388 aot
611 3312 725 3390 nobis:
764 3323 842 3402 quia
874 3339 936 3387 nos
968 3340 1009 3386 ea
1034 3320 1244 3402 philosophia

193 3459 266 3538 plus
291 3459 429 3537 utimur,
463 3478 548 3540 quoe
574 3459 700 3542 peperit
725 3458 854 3523 dicendi
880 3461 1027 3539 copiam,
1061 3463 1093 3520 et
1117 3457 1151 3521 in
1179 3477 1244 3538 que

194 3581 346 3655 diiuntur
365 3610 415 3670 ea,
441 3612 526 3675 quae
553 3612 620 3658 non
645 3594 785 3657 muitum
806 3572 992 3673 diserepant
1017 3595 1060 3657 ab
1087 3594 1243 3675 opinione

193 3708 362 3808 popoiari:
384 3726 476 3793 Cato
497 3735 625 3808 autem,
652 3729 832 3811 perfectus,
858 3745 934 3791 mea
952 3727 1129 3803 sententio,
1156 3726 1243 3791 Stoi·
1309 3764 1314 3775 ·

86 3820 90 3829 '
119 3884 143 3917 ι
192 3877 261 3936 eos,
287 3865 320 3923 et
342 3878 384 3925 ea
406 3865 512 3943 sentit,
539 3880 624 3944 quae
650 3842 718 3927 non
744 3880 826 3926 sane
851 3864 1032 3942 probantur
1058 3863 1091 3925 in
1118 3864 1244 3941 vulgae

193 3998 225 4057 et
250 3995 285 4059 in
310 4012 351 4059 ea
377 4001 427 4060 est
450 3999 591 4075 haeresi,
617 4014 701 4080 quoe
721 3998 847 4062 nullum
864 3998 1012 4077 sequitur
1030 3998 1146 4061 florem
1166 4009 1243 4056 ora·

191 4126 310 4208 tionis,
344 4107 452 4211 neqoe
478 4133 592 4197 dilatat
618 4120 865 4214 argumentum,
902 4132 958 4196 sed
985 4131 1117 4194 minutis
1142 4128 1243 4188 inter·

940 4263 958 4328 l
