3059 4925
525 478 718 526 rsutooxon
739 482 782 527 iv.
810 479 879 528 etr.
899 484 921 528 1.
1178 461 1249 534 175

205 656 310 702 omnes,
342 628 506 708 corruptum,
524 655 578 690 esse
601 638 706 704 locum,
739 638 924 710 medicamque
949 658 1058 694 manum
1095 641 1251 696 desiderare.

205 723 282 792 Quae
301 726 419 781 virorum
437 725 578 779 doctorum
596 724 801 796 disputationes,
820 745 882 779 cum
900 745 1014 780 acumen
1028 729 1143 799 prodant
1160 741 1186 784 et
1198 734 1253 783 cir·

205 813 431 883 cumspectionem
456 811 613 884 pleraeque,
652 832 708 866 non
734 813 885 867 debuerunt
912 834 927 867 a
957 834 1000 868 me
1028 815 1133 870 silentio
1157 818 1252 889 premi,

204 900 306 955 etiamsi
325 900 448 966 sortasse,
468 919 497 953 re
517 900 550 953 ab
570 901 645 953 omni
664 911 738 973 parte
757 901 938 966 considerata,
967 904 1136 974 apparuerit,
1161 904 1251 976 vulga·

205 998 260 1042 tam
276 998 345 1042 stare
364 1006 448 1059 posse.
485 987 593 1055 Quare,
611 1007 679 1058 quae
699 987 751 1041 huc
771 988 919 1059 pertinent,
938 990 1041 1044 conieci
1059 989 1087 1043 in
1104 990 1250 1047 Excursum

205 1074 262 1136 vlt,
281 1092 458 1145 quamquam,
479 1093 512 1127 ne
532 1073 669 1128 violentius
688 1074 770 1145 egisse
789 1075 892 1141 videar,
918 1076 1100 1131 coniecturam
1118 1097 1204 1131 meam
1223 1080 1251 1132 in

167 1162 170 1167 ’
206 1161 333 1216 orationis
350 1163 444 1215 seriem
462 1161 582 1233 recipere
601 1162 684 1216 nolui.
721 1162 778 1215 ΜΓ.

275 1248 444 1301 Praedonem
469 1248 516 1300 ille
538 1251 695 1317 concursus]
747 1251 799 1315 „ln
818 1250 943 1304 Pisonem
974 1252 1011 1318 [5,
1030 1254 1092 1321 11];
1122 1255 1251 1308 Deiectus
1305 1311 1308 1314 ,

205 1353 339 1387 servorum
356 1335 506 1388 habebatur
525 1334 559 1387 ab
576 1354 620 1401 eo,
647 1338 694 1406 qui
721 1338 791 1389 nibil
813 1337 865 1390 sibi
888 1357 1007 1410 unquam
1030 1360 1078 1395 nec
1089 1343 1186 1413 facere
1204 1363 1251 1395 nec

148 1439 155 1448 ·
200 1425 264 1490 pati
280 1432 359 1492 turpe
376 1442 432 1476 esse
453 1423 540 1478 duxit.
576 1424 664 1475 Arma
683 1424 827 1493 intemplo
845 1427 979 1494 Castoris,
1005 1447 1021 1480 o
1035 1429 1159 1498 proditor
1182 1440 1250 1482 tem-

200 1508 307 1577 plorum
326 1511 456 1578 omnium,
487 1509 592 1560 vidente
617 1519 658 1575 te,
684 1510 920 1569 constituebantur
945 1513 980 1565 ab
1008 1534 1037 1567 eo
1059 1517 1179 1583 latrone,
1207 1521 1250 1570 cui

203 1596 329 1666 templum
342 1596 415 1649 illud
425 1597 490 1666 suit
506 1605 533 1648 te
553 1597 658 1649 consule
676 1615 726 1649 arx
745 1598 843 1649 civium
859 1601 1038 1667 perditorum,
1054 1604 1251 1673 receptaculum

203 1695 322 1737 ceterum
341 1683 484 1734 Catilinae·
499 1683 628 1748 rnilitum,
655 1684 797 1745 castellum
816 1685 938 1753 forensis
965 1688 1115 1753 latrocinii,
1142 1690 1250 1744 bustum

204 1772 292 1842 legum
310 1771 426 1823 nennium
444 1788 476 1821 ac
500 1769 685 1841 religionum.“
711 1769 785 1825 Atd.
802 1770 890 1826 Man.
936 1771 983 1827 Est
1011 1772 1077 1827 haec
1101 1777 1252 1847 exquisitior

203 1858 349 1913 Latinitatis
365 1858 446 1911 ratio:
467 1868 571 1927 poterat
589 1857 660 1910 enim
679 1856 791 1925 Cicero,
810 1859 883 1930 quod
903 1860 937 1912 ab
956 1859 1014 1914 aliis
1032 1862 1111 1917 etiarn
1130 1863 1187 1919 fieri
1207 1885 1251 1918 so-

204 1947 253 2013 let,
272 1947 402 2001 scribere:
420 1945 510 2011 Illud,
529 1946 601 2016 quod
618 1955 782 2010 tumeret,
799 1965 851 1997 nort
864 1947 928 2018 suit
946 1948 1061 2006 civitas,
1077 1950 1124 2000 sed
1141 1969 1252 2002 concur-

205 2055 252 2088 sus
268 2035 442 2104 praedonum.
488 2031 664 2103 Exquisitiore
690 2031 746 2087 illa
762 2034 867 2086 ratione
891 2032 989 2088 Cicero
1015 2054 1094 2107 saepe
1119 2056 1181 2089 usus
1206 2050 1252 2092 est.

205 2122 333 2176 Similiter
355 2121 388 2174 de
407 2121 488 2191 Legg.
508 2119 527 2186 l,
546 2123 577 2173 8:
604 2122 718 2175 Animal
744 2122 795 2174 boc
820 2122 975 2191 providum,
1005 2143 1101 2194 quern
1127 2143 1251 2178 vocamus

204 2212 358 2264 bominem.“
377 2210 480 2279 wyte
517 2206 548 2260 ln
561 2206 649 2261 Oion.
659 2207 690 2260 E.
725 2210 792 2260 Sed
805 2209 970 2278 praedonum
987 2210 1074 2272 itta,·
1094 2211 1121 2265 in
1135 2211 1214 2268 Drsd.
1225 2218 1250 2265 2.

204 2312 243 2355 est
260 2299 325 2351 Sed
346 2298 511 2367 praedonum
536 2315 679 2348 concursus
701 2296 756 2353 ille.
792 2296 872 2350 Drsd.
890 2301 917 2351 4.
945 2307 1026 2366 post
1052 2297 1181 2350 domum
1204 2299 1250 2350 ille

204 2406 355 2443 concursus.
392 2384 494 2438 Laudat
511 2383 591 2453 Borg.
607 2383 639 2435 ad
660 2384 737 2437 rerba
757 2394 784 2436 et
799 2384 957 2437 sententiam
975 2383 1042 2437 Phil.
1060 2382 1118 2451 Vll,
1138 2388 1170 2438 b:
1189 2404 1250 2436 con-

204 2495 299 2528 cursus
322 2475 418 2528 civium
442 2473 624 2543 perditorum,
652 2482 678 2525 et
695 2470 776 2524 tiit.
795 2473 829 2538 X,
849 2475 882 2527 3:
917 2491 1045 2525 concursu
1066 2502 1099 2512 —
1125 2474 1250 2525 bonorum

203 2566 325 2617 amisium.
361 2561 421 2615 Mr.

274 2651 446 2705 latrocinium
469 2650 498 2701 in
516 2649 583 2719 soro
601 2648 805 2715 constitutum,]
836 2647 873 2714 ‚‚i.
891 2667 914 2700 e.
933 2646 1064 2714 latrones,
1092 2660 1123 2701 ut
1147 2646 1249 2701 servitia

205 2761 255 2812 pro
272 2740 352 2794 servis
369 2749 395 2792 et
419 2737 563 2791 ministeria
588 2756 637 2808 pro
664 2736 792 2792 ministris
815 2735 956 2790 dicimus.“
979 2736 1001 2788 F
1008 2755 1053 2790 rc.
1072 2734 1091 2789 S
1098 2736 1162 2807 ylv.
1207 2738 1250 2790 Ad

203 2828 340 2901 sequentia
351 2830 365 2892 t
364 2826 494 2898 reliquiae
503 2824 715 2890 coniurationis)
729 2823 955 2895 wyttenbachius
967 2822 1048 2876 haec:
1068 2824 1182 2889 ‚Roneis
1193 2845 1251 2880 rer·

203 2918 244 2971 bis
262 2929 288 2971 et
305 2916 419 2970 breviter
437 2932 534 2985 magna
554 2913 591 2965 vis
608 2912 754 2966 sententiae
778 2924 804 2965 et
821 2911 954 2982 gravitatis
972 2910 1139 2973 continetur,
1166 2930 1251 2981 eaque

204 3007 284 3077 plane
302 3004 431 3069 oratoria,
461 3013 488 3056 et
519 3002 557 3055 sie
580 3001 643 3054 item
679 3001 796 3054 oratorie
828 2998 1007 3071 explanandas
1032 2997 1098 3051 Erat
1121 2997 1250 3052 Catilinae

202 3105 334 3166 superstes
352 3103 454 3146 caterva
472 3102 499 3143 et
527 3090 651 3156 cohors,·
666 3107 748 3160 quam
779 3087 888 3141 eaedem
915 3085 1001 3139 suriae
1019 3084 1052 3138 ad
1071 3096 1147 3138 tuum
1167 3084 1252 3139 scelus

203 3183 379 3252 furoremque
400 3179 549 3234 inflandum
575 3187 771 3242 convenerant,
798 3195 866 3246 quae
892 3185 969 3227 antea
995 3173 1080 3226 virum
1108 3172 1249 3226 Catilinam

203 3271 235 3323 ad
259 3269 370 3341 patriam
389 3266 528 3322 delendam
546 3265 737 3336 impulerant.“
774 3262 804 3314 M
812 3281 833 3313 r.

273 3356 414 3427 Reliquiae
432 3354 625 3407 coniurationis
645 3353 691 3420 -]
721 3350 801 3417 „Ait
826 3349 897 3402 enim
922 3346 1033 3412 Cicero,
1062 3366 1094 3400 eo
1121 3358 1249 3419 tempore,

203 3465 259 3517 quo
277 3443 369 3515 pulsus
385 3444 414 3495 in
432 3441 537 3497 exilium
556 3440 622 3506 tuit,
653 3459 704 3496 nee
733 3458 792 3492 rem
816 3436 951 3510 publicam
984 3435 1062 3489 fnisse
1088 3434 1170 3488 ullam
1199 3456 1250 3490 nec

203 3531 350 3587 consulem.
397 3529 535 3601 Siquidem
556 3527 650 3581 consul
674 3527 772 3581 dicitur
790 3546 836 3593 eo,
864 3525 937 3597 quod
961 3525 999 3577 rei
1026 3521 1148 3594 publicae
1173 3523 1249 3577 saluti

204 3619 343 3672 consulere
368 3617 492 3671 debean
517 3615 571 3669 Sed
597 3614 648 3669 hoc
678 3633 729 3667 nec
758 3615 884 3668 Pisonem
913 3613 991 3664 luisse
1018 3630 1068 3664 nec
1092 3611 1248 3670 Gabinium.

203 3707 299 3760 Cicero
316 3725 394 3758 snum
409 3702 576 3760 consulatum
595 3721 657 3756 enm
673 3702 778 3756 Pisonis
795 3700 934 3756 consulatu
950 3700 1031 3770 longa
1049 3700 1249 3770 comparatione

203 3794 319 3848 confert:
338 3795 410 3846 lnt'er
420 3793 545 3847 Clodium
564 3802 590 3845 et
600 3790 741 3846 Catilinam
760 3791 863 3844 nullam
881 3789 1060 3842 differentiam
1078 3787 1166 3854 misse,
1186 3789 1248 3842 cto·

202 3882 276 3935 dinm
295 3893 384 3935 antem
404 3880 660 3952 perniciosissimum
685 3881 769 3935 sitem
787 3882 859 3951 ipsos
876 3876 1006 3932 Consules
1033 3874 1141 3942 iuvisse,
1166 3877 1193 3928 in
1219 3898 1248 3929 es

203 3971 324 4025 oratione
343 3969 457 4024 ostendit
474 3968 515 4021 his
533 3969 630 4021 serbis:
658 3969 745 4038 Quid,
770 3967 872 4039 inquit,
898 3964 1026 4034 interfuit
1050 3964 1121 4014 inter
1153 3964 1250 4014 Catili-

203 4075 265 4109 nom
280 4068 308 4108 et
323 4076 398 4121 sum,
416 4057 509 4108 cuitu
527 4065 638 4110 senatus
657 4055 858 4117 auctoritatem,
876 4052 992 4106 salutem
1007 4052 1143 4117 cic-itatis,
1162 4060 1248 4100 totam

199 4142 406 4213 'rempublicam
421 4144 574 4213 prorirtcias
589 4144 706 4212 praemio
723 4140 895 4198 continui?
931 4143 1006 4209 Quae
1029 4140 1097 4190 enim
1120 4142 1153 4190 L.
1173 4134 1247 4183 Cati-

202 4233 285 4283 linum
305 4241 444 4283 conantem
464 4230 562 4284 Consul
573 4230 712 4300 prohibui,
741 4250 774 4284 ea
791 4236 825 4285 P.
845 4229 962 4282 Cloelium
977 4225 1126 4294 facientem
1147 4224 1247 4271 Consu-

891 4483 920 4494 Ψ
941 4479 944 4483 .
