3059 4925
529 486 723 535 rsusoonon
749 488 793 533 vr.
821 489 890 536 car.
909 489 944 536 11.
1181 464 1255 539 266

210 653 371 718 cerendas
406 653 671 736 diripiendasque
704 647 910 736 provincias:
953 656 1008 735 qui
1044 657 1257 737 expulsiones

209 788 410 868 vicinorum,
450 788 507 869 qui
544 789 717 854 latrocinia
742 789 787 883 in·
804 789 909 869 apris,
948 791 1005 870 qui
1034 808 1110 855 cum
1144 791 1261 869 servis,

210 941 286 987 cum
311 924 453 1003 libertis,
489 943 564 990 cum
599 925 771 990 clientibus
805 926 998 1005 societates,
1032 929 1089 1009 qui
1122 945 1256 1010 posses·

208 1064 318 1128 sioues
350 1080 491 1141 vacuas,
540 1065 597 1145 mai
629 1064 893 1145 >proscriptiones
928 1065 1159 1145 locupletium,
1200 1067 1257 1147 qni

207 1198 325 1265 caedes
351 1199 625 1281 municipiorum,
652 1202 709 1283 qui
733 1202 825 1266 illam
850 1199 976 1267 Sullam
989 1194 1148 1284 temporis
1168 1221 1258 1269 mes·

208 1350 279 1398 sem
304 1320 513 1413 recordetur,
549 1334 606 1415 qui
643 1310 839 1400 testamenta
863 1335 1027 1414 subiecta,
1064 1337 1120 1418 qui
1145 1339 1258 1405 subla-

207 1476 259 1534 tos
283 1473 333 1533 tot
353 1469 516 1548 nominee,
543 1472 600 1552 qui
616 1471 758 1553 deniqne
783 1474 896 1538 omnia
918 1474 1058 1552 venalia,
1085 1474 1258 1553 delectum,

208 1605 393 1682 decretum,
416 1570 576 1684 arenam,
602 1623 696 1672 suam
723 1609 936 1686 sententiam,
963 1610 1084 1688 iorum,
1110 1612 1257 1690 domum,

208 1757 342 1820 vocem,
368 1742 551 1816 silentinm3
578 1742 651 1822 quis
678 1742 766 1807 hunc
792 1760 860 1808 non
887 1749 978 1825 putet
1003 1745 1170 1825 coffiteri,
1194 1747 1258 1811 sibi

208 1879 357 1961 quaesito
384 1892 468 1959 opus
489 1877 587 1940 esse?
614 1877 668 1940 oui
693 1880 804 1942 autem
829 1879 979 1958 quaemo
999 1897 1083 1962 opus
1106 1882 1157 1960 sit,
1184 1883 1257 1963 quis

209 2033 355 2107 unquam
379 2016 467 2079 bunc
503 2031 580 2107 vere
606 2013 725 2078 dixerit
758 2015 916 2079 divitem?
966 2016 1096 2081 Etenim
1126 2019 1257 2104 dirutiag

209 2174 283 2222 rum
307 2155 432 2218 tructus
454 2155 487 2217 iu
513 2153 611 2234 copia
635 2158 703 2217 est:
733 2155 865 2235 copiam
895 2160 1006 2223 autem
1032 2155 1177 2223 declarat
1201 2173 1257 2222 sa-

206 2253 301 2359 tietas
324 2308 437 2356 rernm
452 2290 558 2371 'atque
570 2289 789 2365 abundantia3
816 2304 916 2370 qnam
940 2293 976 2354 tu
993 2292 1151 2373 quoniam
1172 2311 1259 2359 unu·

208 2444 308 2510 quam
333 2410 528 2508 assequere,
557 2442 726 2508 nunquam
762 2425 900 2491 omnino
927 2442 962 2492 es
993 2427 1121 2494 iuturus
1155 2430 1257 2496 dives.

207 2568 319 2633 licam
345 2569 456 2631 antem
482 2565 640 2645 quoniam
667 2564 842 2646 pecuniam
868 2564 1068 2642 contemnis,
1105 2570 1138 2630 et
1169 2571 1259 2634 recle

209 2699 268 2790 (est
299 2705 388 2770 enim
421 2703 464 2771 ad
497 2703 586 2784 vulgi
619 2704 810 2785 opinionem
843 2701 1039 2767 mediocris:
1080 2703 1123 2768 ad
1157 2708 1258 2783 tuam,

208 2841 317 2906 nulla:
354 2840 396 2903 ad
420 2856 544 2918 mem,
571 2837 731 2928 modica3)
770 2839 811 2903 de
837 2856 892 2903 me
917 2840 1039 2918 silebo,
1075 2842 1117 2905 de
1142 2861 1180 2906 re
1205 2844 1257 2906 lo·

209 2997 301 3062 quar.
354 2978 388 3044 Si
418 2979 583 3044 censenda
616 2977 712 3042 uobis
746 2979 845 3056 atque
881 2976 1083 3042 aestimanda
1116 2994 1169 3041 ros
1207 2977 1257 3054 sit,

209 3118 318 3180 unum
350 3115 483 3180 tandem
519 3114 622 3196 pluris
663 3114 873 3179 aestimemus
914 3113 1087 3193 pecuniam
1129 3112 1256 3193 Pyrrhi,

207 3268 306 3331 qnam
331 3249 483 3315 Fabricio
510 3248 628 3326 dabat,
651 3264 705 3313 an
737 3247 976 3312 continentiam
1001 3246 1163 3323 Fabricii,
1202 3247 1257 3327 qui

206 3387 297 3452 illam
323 3386 497 3468 pecuniam
522 3384 740 3466 repudiabat?
774 3387 886 3449 utrum
910 3402 1028 3450 aurum
1063 3383 1256 3460 Samnitum,

206 3540 248 3588 an
274 3537 470 3605 responsum
503 3511 558 3588 Μ’.
592 3521 704 3588 curiit
734 3522 953 3622 hereditatem
982 3522 1016 3587 L.
1049 3521 1172 3598 Paulli,
1213 3537 1256 3586 aa

161 3661 166 3672 '
204 3658 433 3724 liberalitatem
458 3658 622 3736 Africani,
648 3659 799 3739 quietus
825 3627 1018 3723 hereditatis
1043 3656 1084 3735 Q.
1105 3658 1255 3726 Maximo

206 3798 297 3862 fratri
323 3801 452 3878 partem
482 3812 578 3860 suam
607 3793 793 3860 concessit?
844 3794 935 3860 Haec
962 3793 1131 3876 proiecto,
1168 3812 1253 3876 quae

206 3938 280 3997 sunt
321 3946 525 3996 summarum
566 3931 742 4009 vinctum,
788 3931 890 4013 pluris
927 3925 1131 3997 aestimanda
1170 3938 1255 4009 suut

206 4086 303 4148 qnam
330 4068 404 4145 illa,
443 4072 630 4148 quaesunt
662 4068 831 4148 pecuniae.
885 4065 967 4164 Quis
991 4067 1090 4149 igitur
1116 4061 1153 4151 (si
1180 4029 1272 4146 qui-¹

205 4202 538 4284 commonicare,
564 4205 652 4285 qnod
674 4207 806 4287 plurimi
832 4207 893 4283 sit,
920 4204 1103 4286 possident,
1137 4205 1182 4266 ita
1206 4204 1258 4267 di·
