3059 4925
290 488 337 533 lx
449 484 550 530 tuuux
578 481 761 530 terentius
790 481 907 528 CRlTlCl
935 483 976 527 tu
1001 482 1185 529 etutuoxs.

293 643 386 714 paucis
403 642 505 696 olfendi
526 640 636 695 maculis
655 641 779 713 iniquum
799 640 840 693 sit.
892 640 970 693 Conl.
998 639 1093 694 Orellii
1113 639 1252 694 Onomast.
1279 641 1350 694 Tull.

295 733 327 787 Τ.
349 734 367 788 Ι.
386 753 413 804 p.
431 734 492 788 318.
875 735 879 742 “

365 826 408 874 2⁰.
445 819 505 873 Nou
525 829 562 872 est
587 818 664 871 uobis
683 815 877 887 praetereunda
902 815 984 870 editio
1003 818 1056 869 Cic.
1076 817 1107 868 de
1125 821 1186 870 Seu.
1207 819 1238 868 de
1260 820 1348 871 Amic.

293 919 320 959 et
339 908 558 971 retrusorum,
578 924 647 976 quae
665 902 763 975 prodiit
781 901 884 973 Lipsiae
903 921 926 956 a.
946 905 1024 958 183⁰.
1042 905 1114 975 apsid
1133 905 1163 960 B.
1181 905 1215 958 G.
1234 906 1348 960 Teub-

240 1061 243 1066 .
296 1014 425 1050 nerum.
462 993 589 1064 Quisquis
606 1003 659 1058 est,
687 992 733 1063 qui
754 989 855 1044 curavit
873 989 942 1044 banc
960 991 1104 1046 editionem
1124 995 1244 1060 (nescio,
1274 995 1350 1065 quis·
1416 991 1422 1000 ⁵

296 1102 358 1135 nam
377 1081 421 1135 ille
440 1079 546 1146 luerit),
564 1081 586 1133 is
604 1081 688 1151 probe
708 1097 765 1131 rem
785 1079 879 1150 gessit,
898 1090 922 1133 et
941 1078 1097 1150 aliquoties,
1117 1092 1246 1152 quantum
1266 1083 1345 1152 equi-

297 1171 357 1224 dem
376 1169 563 1232 animadverti,
592 1158 792 1221 emendationes
820 1166 908 1221 intulit
934 1167 1060 1220 contextis
1089 1167 1157 1220 haud
1176 1169 1349 1239 spernendas.

295 1258 341 1312 Sic
362 1260 380 1324 l,
401 1265 438 1312 ‘uz
467 1258 522 1309 Sed
538 1258 603 1307 baec
625 1257 710 1309 videri
735 1266 850 1325 possunt
875 1254 1043 1318 obscuriora,
1070 1273 1153 1328 quum
1183 1257 1350 1309 limatius

296 1348 483 1416 disputantur.

366 1436 409 1486 21.
446 1436 486 1485 M.
512 1435 543 1482 T.
561 1432 691 1483 Ciceronis
717 1434 785 1481 Octo
811 1430 896 1481 maior
919 1447 965 1481 seu
992 1431 1025 1480 de
1042 1434 1183 1482 Senectute
1208 1442 1235 1483 et
1254 1436 1344 1483 Porn-

297 1522 375 1576 duxo.
413 1523 480 1572 Zum
498 1518 653 1571 Gebraucbe
674 1519 730 1588 fiir
749 1516 863 1568 Schulen
890 1535 941 1568 neu
961 1516 1066 1588 besorgt
1087 1537 1115 1570 u.
1133 1519 1181 1570 mit
1201 1519 1345 1569 deutschen

298 1611 339 1663 W
336 1618 401 1662 ort·
419 1627 449 1661 u.
465 1607 718 1678 Socherlrlir'rungen
735 1605 861 1658 ostrehen
882 1626 906 1658 ν.
926 1608 959 1657 L.
972 1609 997 1656 J.
1018 1605 1233 1660 Billerbeck.
1251 1606 1346 1657 Dritte

296 1696 407 1749 verbess.
427 1715 454 1748 u.
473 1695 620 1746 cermelrrte
638 1694 715 1762 Aufl.
734 1722 767 1733 -
796 1696 955 1756 Honrrover,
979 1695 1057 1746 1837.
1078 1694 1171 1746 tutin.
1190 1697 1214 1747 8.
1257 1694 1346 1746 Disci-

297 1784 366 1854 pulis
384 1781 489 1851 scripsit
507 1782 606 1845 editor,
626 1800 682 1833 non
704 1781 764 1833 siris
782 1780 874 1832 doctis.
910 1779 978 1832 Nota
996 1790 1035 1833 est
1052 1780 1108 1833 eius
1117 1781 1163 1833 viri
1182 1782 1257 1845 ratio,
1277 1802 1346 1853 quae

297 1871 404 1935 babuit,
424 1890 478 1941 que
497 1889 524 1922 se
542 1869 632 1921 multis
651 1867 869 1931 corrtmeudaret,
896 1867 958 1937 quia
975 1866 1049 1920 utilia
1069 1866 1150 1920 multa
1175 1879 1201 1921 et
1225 1872 1257 1921 ad
1281 1888 1343 1921 ora·

296 1962 397 2013 tionem
416 1968 442 2010 et
459 1956 492 2009 ad
511 1966 699 2027 argumentum
721 1971 867 2021 congerere
885 1951 986 2005 solebat
1004 1954 1050 2020 B,
1076 1973 1144 2025 quae
1173 1954 1263 2007 multis
1280 1953 1346 2007 locis

296 2058 357 2100 sunt
376 2046 507 2116 dispersa,
526 2062 614 2113 neque
633 2062 648 2094 a
667 2039 816 2111 discipulis,
847 2040 894 2110 qui
916 2037 1015 2110 privant
1040 2039 1121 2112 operis
1145 2042 1235 2113 legere
1262 2062 1347 2113 eupe-

297 2145 356 2188 rent
375 2132 457 2185 libros
474 2129 614 2184 Ciceronis
631 2129 664 2181 ab
683 2147 715 2181 eo
735 2127 834 2193 editos,
852 2129 1001 2198 comparari
1021 2142 1139 2200 possunt.
1354 2131 1357 2136 ’

415 2285 445 2369 c)
474 2283 657 2348 Editioues
680 2281 836 2367 Operum
861 2281 1037 2347 Ciceronis
1059 2285 1224 2351 omnium.

367 2421 428 2474 Non
448 2419 551 2473 ridetur
568 2418 744 2473 necessarium
774 2420 923 2474 accuratius
941 2419 1074 2493 disputare
1099 2421 1131 2475 de
1149 2421 1259 2494 singulis
1278 2427 1345 2493 Ope-

298 2531 357 2564 rum
377 2510 507 2571 Ciceronis
526 2508 699 2573 editionibus,
720 2522 787 2576 quas
804 2507 836 2559 ad
856 2524 966 2560 manum
986 2508 1079 2576 habui,
1106 2528 1239 2582 quasque,
1259 2524 1288 2566 ut
1307 2513 1345 2564 vi-

298 2598 372 2651 debis
396 2614 424 2646 es
452 2593 683 2660 annotationibus,
713 2593 838 2647 omnibus
864 2593 932 2648 locis
955 2597 1070 2667 inspexi:
1104 2618 1268 2670 quamquam
1294 2600 1345 2653 boc

238 2736 241 2743 ,
298 2670 474 2737 necessarium
495 2700 548 2732 non
568 2681 617 2734 luit
636 2681 663 2733 in
681 2681 726 2747 iis,
753 2698 821 2753 quae
847 2683 893 2734 uni
917 2682 995 2736 alicui
1014 2684 1123 2737 editioni
1147 2686 1289 2756 primariae
1309 2688 1344 2741 ita

297 2792 324 2826 se
343 2769 523 2841 applicarent,
551 2779 580 2821 ut
599 2766 663 2823 nihil
683 2768 760 2834 novi,
786 2768 852 2831 nibil
879 2769 979 2840 proprii
1007 2770 1172 2825 exhiberent:
1201 2771 1279 2825 veluti
1297 2773 1344 2827 Bi-

297 2860 408 2933 pontina
428 2869 452 2910 et
471 2876 500 2909 ea
522 2853 660 2911 Ciceronis
678 2855 799 2928 Operum
819 2856 911 2922 editio,
930 2874 998 2928 quae
1017 2856 1181 2912 Mannbemii
1204 2844 1302 2931 prodiit
1309 2863 1345 2925 Ἴ,

298 2947 337 3000 vel
361 2947 486 2999 alterutra
515 2944 704 3009 Lambiniana,
732 2945 874 3010 (nimirum
903 2965 932 2997 ex
959 2945 1005 3011 iis,
1039 2964 1107 3017 quae
1138 2966 1193 3001 non
1222 2948 1345 3001 Lambini

298 3046 405 3099 testum,
425 3033 469 3086 sesl
490 3033 545 3086 eius
564 3044 666 3086 tantum
685 3035 883 3087 annotationem
903 3030 1148 3098 erubescentem
1167 3048 1255 3089 autem
1272 3036 1346 3108 prius

288 3121 451 3192 svulgatum,
481 3119 639 3174 lectionibus
664 3122 802 3188 Lambini,
838 3142 899 3176 cum
927 3121 1028 3194 aliquot
1057 3114 1129 3189 aliis,
1157 3108 1272 3196 inargini
1298 3127 1347 3179 ad-

297 3210 431 3281 scriptis,)
451 3227 564 3279 quarum
585 3209 653 3262 duae
670 3221 731 3264 sunt
750 3210 777 3262 ln
798 3211 876 3277 meis,
901 3231 930 3263 er
949 3230 1063 3282 quarum
1094 3213 1294 3284 comparatione
1313 3212 1347 3264 il-

298 3299 344 3352 lud
364 3310 451 3361 tamen
472 3297 608 3351 commodi
627 3300 704 3368 cepi,
734 3310 777 3364 ut,
809 3317 878 3370 quae
908 3298 988 3351 altera
1013 3300 1347 3370 nonnunquam'haberet
1433 3367 1436 3373 .

298 3405 441 3460 operarum
461 3404 553 3436 errore
572 3385 728 3454 depravata,
757 3384 839 3435 altera
859 3383 993 3436 exhiberet
1019 3382 1082 3434 mibi
1100 3385 1203 3439 mendis
1221 3402 1301 3439 sacua
1321 3400 1347 3440 et

299 3483 428 3527 correcta.
464 3468 548 3521 Erant
566 3467 647 3536 igitur
665 3468 692 3517 in
712 3467 843 3519 manibus.
874 3535 878 3544 Ι

299 3599 323 3631 a.
359 3576 408 3628 Ed.
427 3570 650 3641 Ascensiana.
678 3570 723 3622 lV.
744 3568 813 3623 Voll.
836 3569 852 3621 1.
872 3590 907 3623 m.
926 3568 1046 3636 Parisiis,
1066 3570 1148 3627 1511:
1168 3573 1201 3627 de
1223 3593 1274 3646 qua
1294 3575 1344 3627 rid.

368 3658 463 3714 Orellii
483 3658 624 3712 Onomast.
641 3657 756 3711 Tullian.
775 3652 809 3714 T.
825 3658 843 3712 l.
864 3679 889 3731 p.
908 3662 968 3713 197.

296 3750 325 3825 b.
362 3746 411 3798 Ed.
431 3742 677 3801 Cratandrina.
697 3746 742 3798 lV.
760 3746 860 3800 vottf.
878 3766 912 3802 m.
933 3745 1064 3814 Basileae,
1085 3751 1162 3802 1528.
1180 3749 1240 3802 vid.
1250 3748 1345 3802 Orellii

368 3830 508 3886 Onomast.
528 3832 544 3885 l.
565 3853 587 3887 c.
605 3853 631 3906 p.
651 3837 710 3888 198.

369 4084 391 4152 ‘)
410 4085 531 4159 Utraque
551 4086 615 4142 baec
634 4091 713 4144 editio
739 4092 800 4144 ideo
827 4094 905 4147 etiam
925 4094 957 4145 ad
977 4093 1094 4147 criticam
1120 4094 1250 4148 rationem
1271 4099 1344 4150 omni

299 4157 454 4210 auctoritato
474 4170 554 4224 caret,
575 4160 645 4229 quia,
665 4162 728 4233 quid
741 4161 873 4217 Codicum
893 4165 1051 4231 auctoritati,
1072 4165 1135 4236 quid
1150 4169 1344 4222 correctoribus

298 4227 441 4297 debeatur,
461 4249 515 4283 non
535 4243 652 4301 apparet.
