3059 4925
504 482 698 533 ranauoxoa
721 485 765 545 ry.
800 486 868 532 car.
890 486 911 532 r.
1169 466 1239 539 173

195 643 295 714 plebis,
323 642 420 697 Cicero
439 663 468 698 ex
487 646 554 702 urbe
573 644 671 697 eiectus
688 642 774 696 furori
794 643 938 696 tribunicio
956 658 1076 700 cesserat.
1118 648 1173 703 Res
1190 670 1242 721 pu-

193 732 262 785 blica
281 752 295 784 a
314 733 423 785 tribuno
448 730 545 785 Clodio
564 742 590 784 et
607 751 622 783 a
643 729 805 783 Consulibus
823 731 920 784 Pisone
939 743 966 784 et
983 722 1100 787 Gabinio
1118 737 1153 803 [a.
1171 757 1197 791 u.
1218 757 1240 792 c.

193 822 265 888 aaa]
283 819 396 872 maxime
416 830 502 872 vexata
521 819 585 884 suit,
605 830 634 872 ut
652 837 714 872 cum
732 817 790 871 aliis
807 819 835 870 in
855 817 920 871 locis
938 819 1036 885 multis,
1055 831 1112 875 tum
1130 825 1242 878 maxime
1293 842 1300 848 ⁸

194 908 221 960 in
241 898 372 961 Oratione
392 926 444 976 pro
459 905 544 959 Sestio
564 907 597 973 [c.
615 906 671 972 24.]
691 904 787 958 Cicero
805 904 916 976 scripsit.
952 905 985 958 lli
1000 917 1089 960 autem
1106 907 1242 973 Consules,

194 996 266 1049 utin
285 993 378 1061 eadem
396 994 517 1047 oratione
536 991 632 1046 Cicero
651 993 710 1060 ait,.
725 993 758 1045 ad
788 992 931 1046 delendum
948 992 1091 1060 Senatum,
1119 996 1243 1068 affligen-

195 1083 259 1135 dum
279 1093 427 1153 equestrem
446 1081 582 1146 ordinem,
606 1079 796 1152 exstinguenda
825 1080 914 1133 omnia
937 1079 996 1133 iura
1023 1092 1103 1152 atque
1125 1083 1241 1139 instituta
1318 1125 1320 1129 ⁷

123 1234 129 1241 .
195 1172 341 1236 maiorum,
368 1190 395 1222 se
413 1169 464 1222 illis
481 1169 597 1222 fascibus
614 1169 761 1240 ceterisque
789 1169 938 1240 insignibus
960 1171 1057 1222 summi
1076 1169 1184 1225 honoris
1202 1185 1242 1227 at-

197 1275 248 1326 que
266 1255 370 1327 imperii
389 1267 497 1309 ornatos
515 1274 569 1309 esse
587 1255 813 1309 arbitrabantur.“
831 1256 854 1308 F
861 1276 906 1312 rc.
925 1255 1016 1328 Sylr.

266 1361 324 1394 cum
342 1344 413 1414 leges
439 1345 467 1395 in
485 1362 518 1394 ea
539 1344 609 1396 nilril
627 1343 765 1412 volabant]
811 1344 882 1410 „Lex
908 1345 979 1398 euim
1005 1345 1088 1397 Helia
1107 1348 1243 1419 Fusioque

195 1440 254 1501 post
271 1431 444 1484 centesimum
464 1450 565 1484 annum
583 1449 677 1483 everso
703 1441 758 1497 eat,
787 1432 995 1503 propugnaculo
1018 1433 1140 1506 murique
1165 1444 1243 1487 tron-

195 1517 346 1588 qur'llr'totr‘a
364 1528 449 1589 utque
467 1519 525 1572 orii.
562 1519 620 1573 eie.
639 1519 668 1571 in
686 1519 842 1572 Pisonem.“
861 1522 957 1591 Xyst.
973 1520 1083 1576 Betui.
1118 1521 1244 1594 intelligit

194 1603 282 1674 legem
300 1604 407 1656 Aeliam
426 1616 452 1658 et
469 1607 593 1674 Fufiam,
619 1607 652 1658 de
670 1626 724 1677 qua
742 1607 819 1661 loeus
835 1605 974 1661 Ciceronis
999 1609 1081 1661 estin
1099 1610 1152 1664 Pis.
1170 1615 1196 1677 4,
1216 1615 1241 1666 9.

194 1691 247 1744 Sed
266 1692 317 1746 rid.
341 1693 375 1746 de
402 1712 431 1745 ea
459 1692 517 1763 lege
544 1692 661 1764 amplam
689 1691 896 1764 disputationem
925 1695 954 1746 in
981 1693 1077 1747 Orellii
1103 1695 1242 1751 Onomast.

195 1779 319 1834 Ciceron.
337 1781 367 1834 P.
384 1778 429 1834 ΙΙΙ.
449 1800 475 1852 p.
494 1783 658 1835 126-131.
695 1780 751 1832 Pro
770 1781 840 1832 nilril
857 1779 985 1832 volebant
1008 1781 1037 1833 in
1055 1780 1148 1835 codice
1174 1784 1245 1836 ami·

112 1916 115 1920 .
194 1887 250 1938 quo
267 1867 395 1939 scriptum
414 1888 470 1922 esse
489 1869 570 1925 refert
587 1868 610 1919 F
612 1886 649 1921 rc.
666 1865 739 1938 Sylv.
764 1868 910 1924 vacabant.
956 1867 1076 1921 Eandem
1102 1868 1244 1924 lectionem
1275 1920 1278 1925 .

196 1955 297 2010 exhibet
315 1957 382 2009 God.
400 1955 471 2010 Gud.
490 1957 523 2009 A.
560 1955 619 2008 Mr.

266 2064 348 2117 quum
365 2044 466 2096 iudicio
483 2043 631 2112 iacebant]
656 2041 742 2107 „Nam
761 2053 840 2110 vetus
867 2043 918 2094 illa
935 2044 1072 2114 ¹magistro
1087 2044 1201 2113 pudoris
1218 2036 1245 2096 ¹at

197 2133 350 2190 modestiae,
368 2133 498 2183 reveritor
518 2132 657 2194 Censorio,
675 2131 788 2182 sublato
805 2141 847 2182 ast
864 2130 962 2183 Pisone
980 2129 1152 2202 Gabinioque
1171 2130 1246 2184 Coo-

196 2218 309 2272 sulibus:
335 2217 431 2275 Cicero
456 2218 485 2272 in
511 2218 626 2270 eundem
652 2216 807 2270 Pisonem.“
837 2217 930 2289 Xyst.
955 2217 1067 2272 Betui.
1111 2220 1244 2273 Nimirum

197 2326 219 2361 c.
235 2311 262 2374 4,
281 2311 306 2361 9.
345 2307 420 2360 Adde
438 2307 473 2359 ib.
493 2310 536 2372 12,
556 2309 605 2360 26:
632 2305 822 2356 Numerandus
840 2315 881 2357 est
905 2306 952 2356 ille
974 2323 1064 2358 onnus
1082 2307 1194 2379 denique
1216 2310 1245 2359 r'n

196 2395 376 2465 Republica,
394 2414 476 2467 quum
495 2393 672 2446 obnmtuiaset
689 2402 816 2457 senatus,
835 2391 936 2443 iudicio
955 2393 1154 2457 conticuissent,
1173 2413 1246 2445 moe-

197 2495 285 2536 rerent
304 2484 379 2547 doni,
405 2487 446 2536 vis
471 2482 608 2535 latrocinii
635 2481 720 2534 vestri
741 2491 803 2533 toto
821 2479 885 2532 urbe
904 2481 1046 2543 volitaret,
1071 2499 1155 2551 neque
1180 2482 1245 2532 civis

197 2591 269 2623 unua
285 2590 319 2623 ex
337 2572 463 2637 civitate,
490 2571 538 2624 secl
552 2571 614 2641 ipra
631 2570 729 2622 civitas
747 2578 796 2621 tuo
813 2579 840 2621 et
859 2567 968 2620 Gabinii
994 2568 1087 2619 sceleri
1099 2568 1246 2641 furorique

200 2658 330 2711 cessisset.
365 2659 465 2713 Probat
484 2658 565 2730 Borg.
582 2676 659 2711 usum
677 2654 828 2720 Ciceronis,
856 2675 911 2728 quo
929 2656 1040 2727 iungere
1057 2654 1159 2710 solebat
1175 2657 1247 2728 leges

198 2755 224 2799 et
242 2746 358 2812 iudicia,
376 2766 432 2819 quo
450 2748 536 2799 locere
554 2765 598 2799 aas
616 2756 642 2800 et
659 2756 754 2799 contra
780 2747 868 2798 vivere
886 2743 1064 2815 significabat,
1094 2744 1160 2798 locis
1178 2764 1247 2816 qua-

125 2849 126 2854 ’
196 2832 235 2887 les
252 2843 314 2887 sunt
331 2836 410 2887 Verr.
427 2831 472 2900 Ill,
491 2838 533 2890 30.
553 2845 579 2887 et
596 2835 639 2888 41.
660 2833 720 2889 coll.
740 2833 850 2887 Abram
870 2833 904 2886 ad
923 2832 980 2885 Cic.
998 2852 1049 2902 pro
1068 2831 1126 2884 Mil.
1142 2836 1185 2886 28.
1215 2832 1246 2884 ln

198 2921 286 2974 Vatia.
305 2924 338 2976 9:
357 2926 456 2993 Leges,
472 2922 579 2974 Aeliam
597 2933 625 2972 et
642 2924 752 2990 Fufium
771 2921 843 2978 dico,
863 2938 932 2991 quoe
949 2948 984 2958 -
1001 2921 1084 2970 etiam
1100 2919 1172 2970 inter
1183 2921 1247 2970 Sul-

198 3009 264 3061 lano
283 3027 359 3060 armo
379 3009 524 3076 vixerunt,
542 3010 617 3062 aolus
635 3010 809 3064 conculcaris.
829 3037 862 3049 —
899 3007 953 3059 Pro
972 3023 1073 3077 quum
1090 3004 1192 3056 iudicia
1210 3018 1248 3059 est

197 3096 224 3148 in
245 3095 324 3147 Drsd.
343 3099 368 3149 1.
387 3098 413 3149 3.
430 3106 464 3147 et
481 3097 599 3161 iudicia,
624 3115 693 3168 quae
719 3115 773 3149 una
803 3114 865 3149 curu
893 3094 974 3145 verbo
1001 3091 1126 3144 iacebant
1152 3093 1249 3146 omittit

198 3183 263 3235 Cori.
281 3183 360 3236 Drsd.
379 3188 405 3238 4.
424 3212 458 3224 -·
501 3184 580 3250 „Nou
605 3183 658 3237 hoc
682 3182 769 3235 solum
793 3182 857 3235 lecit
882 3180 992 3234 Clodius
1018 3199 1051 3232 eo
1076 3198 1163 3243 anno,
1194 3199 1248 3250 quo
1323 3171 1326 3174 ¹

196 3272 248 3324 suit
265 3270 502 3343 tribunusplebis,
521 3284 550 3325 ut
566 3271 638 3342 legas
657 3270 723 3324 nihil
742 3270 875 3334 valerent,
893 3268 939 3321 sed
957 3267 1037 3320 etiam
1064 3265 1161 3318 multas
1177 3264 1249 3336 leges

196 3356 378 3428 reipublicae
395 3359 559 3431 perniciosas
576 3358 652 3425 tulit,
672 3377 738 3430 quas
755 3366 897 3410 enumerat
915 3355 1009 3408 Cicero
1029 3372 1079 3424 pro
1091 3353 1122 3405 P.
1134 3351 1248 3406 Sestio.“

196 3444 269 3499 Fro
290 3445 373 3518 Sylr.
412 3449 557 3519 [eap.18.]
593 3446 653 3500 Mr.

270 3553 352 3604 quum
371 3553 426 3587 moa
448 3535 558 3605 patrius
583 3536 715 3587 occiderat
722 3535 744 3602 ς]
776 3533 862 3587 codd.
880 3530 959 3584 Drsd.
978 3531 1003 3582 1.
1022 3531 1048 3583 3.
1070 3538 1103 3579 et
1130 3547 1194 3583 mos.
1215 3558 1247 3571 -·

198 3621 255 3688 ‚,ls‚
275 3621 322 3693 qui
340 3622 507 3694 frequentias
525 3622 623 3676 dicitur
639 3641 695 3675 moa
713 3624 852 3675 maiorum.
896 3620 965 3673 Nam
990 3615 1140 3670 incivitate
1165 3616 1248 3672 actio·

198 3725 263 3760 num
282 3719 433 3762 nostrarum
450 3710 521 3763 duae
539 3722 600 3764 sunt
618 3711 694 3783 quasi
711 3709 829 3781 regulae,
847 3720 953 3781 praeter
971 3724 1142 3761 communem
1161 3706 1248 3778 legem

167 3795 173 3800 ’
199 3795 362 3848 naturalem:
386 3796 427 3850 rel
446 3798 518 3850 enim
536 3810 600 3853 sunt
625 3799 696 3871 leges
712 3800 828 3870 scriptae
853 3797 892 3851 vel
910 3815 970 3849 mos
990 3796 1139 3858 maiorum,
1168 3795 1249 3848 nullis

199 3883 307 3955 quidem
332 3884 436 3956 legibus
458 3887 641 3956 conscriptus,
673 3887 719 3940 sed
744 3898 833 3941 tamen
864 3885 1043 3938 observatus.“
1070 3883 1249 3953 chttenb.

199 3972 670 4041 MostotriciushabetOr.o.
707 3977 766 4029 ΜΓ.
1169 4018 1173 4021 «

271 4077 370 4131 quum,
383 4062 464 4132 ferro
477 4061 566 4132 pulsis
584 4060 803 4134 magistratibus]
832 4058 899 4112 cod.
918 4058 997 4111 Drsd.
1016 4061 1041 4110 1.
1060 4059 1085 4111 3.
1113 4065 1147 4107 et
1161 4055 1247 4125 ferro.

201 4144 267 4199 Cod.
287 4147 367 4200 Drsd.
380 4153 406 4202 4.
425 4169 507 4221 quum
520 4151 619 4222 foro,
638 4150 710 4222 quod
730 4148 846 4204 enotavit
863 4148 942 4199 etiam
961 4145 1011 4199 Or.
1030 4164 1060 4197 ex
1078 4160 1164 4212 marg.
1183 4139 1251 4193 Cod.

84 4229 91 4242 '
201 4233 259 4285 Bas.
305 4233 360 4287 Pro
383 4237 473 4306 pulsia
491 4247 529 4291 est
545 4237 642 4307 pulsus
665 4238 693 4291 in
713 4236 782 4295 Cod.
808 4234 866 4288 Cra.
885 4237 910 4286 l.
957 4233 1021 4286 Post
1045 4226 1251 4301 magistralibus
